3404 5362
818 326 1013 401 Ann01375.
1037 359 1080 368 -
1103 339 1132 385 1,
1149 327 1240 401 junii.

489 536 566 598 item
591 536 730 598 Brumen
756 551 865 599 contra
895 537 1064 598 iuaninum
1096 536 1202 617 primo
1227 536 1341 597 citatus
1366 554 1431 596 non
1456 535 1649 617 comparuit.

489 643 566 704 Item
592 642 767 725 Dyonisius
791 643 1031 705 Paradichalma
1057 641 1134 704 ieria
1158 657 1244 703 sexta
1268 642 1417 703 atestabit
1441 656 1550 703 contra
1568 641 1650 702 Wlk

384 760 415 810 et
439 748 622 809 Emericum
647 768 703 830 per
727 749 895 811 Marenum
919 748 1070 830 juratum,
1099 748 1234 809 luanum
1259 749 1329 809 Noz
1354 760 1385 809 et
1409 748 1545 809 alterum
1570 747 1649 808 iuan

383 872 566 935 preconem,
592 855 681 936 quod
704 855 764 916 sibi
790 875 890 917 unum
916 856 1070 917 cubulum
1097 854 1177 915 milii
1202 865 1399 916 tenerentur.

490 960 568 1022 Item
593 962 746 1023 Nicolaus
770 962 947 1023 Tetonicus
972 960 1049 1023 ieris
1072 973 1158 1021 serta
1192 980 1248 1042 per
1273 960 1451 1041 Georgium
1483 959 1647 1021 literatum

387 1079 418 1127 et
442 1066 616 1127 Martinum
648 1087 684 1128 ac
710 1066 887 1148 Georgium
921 1067 1149 1148 calcariparum
1180 1067 1345 1145 atestabit,
1380 1066 1468 1148 quod
1493 1066 1553 1127 sibi
1579 1067 1649 1149 My·

385 1170 475 1233 chael
501 1172 659 1255 Damyani
684 1186 822 1254 quatuor
846 1172 915 1235 flor.
940 1172 1008 1234 auri
1033 1186 1169 1233 tenetur.

490 1277 568 1339 Item
601 1278 756 1340 Martinus
788 1279 958 1360 Zequirich
991 1291 1101 1339 contra
1126 1277 1281 1339 Mathiam
1313 1276 1510 1339 aurifabrum
1542 1277 1650 1359 primo

383 1383 496 1445 citatus
523 1404 587 1445 non
612 1385 800 1465 comparuit.

489 1489 567 1552 Item
591 1489 700 1552 Sibicb
734 1504 843 1552 contra
867 1491 1023 1551 iacobum
1055 1491 1198 1553 secundo
1230 1491 1345 1553 citatus
1368 1509 1433 1551 non
1458 1489 1649 1570 comparuit.

490 1596 567 1658 item
593 1616 686 1659 causa
709 1596 841 1659 domine
859 1598 979 1659 Dicaue
1004 1611 1035 1660 et
1054 1598 1230 1660 liberorum
1249 1596 1375 1660 Crisani
1399 1609 1445 1658 est
1468 1594 1509 1658 ad
1534 1593 1649 1657 feriam

384 1716 504 1762 sextam
532 1718 714 1784 prorogata.

488 1808 567 1870 Item
592 1829 685 1871 causa
710 1810 818 1872 uxoris
841 1810 920 1871 Wlk
937 1824 967 1870 et
992 1809 1161 1873 Chernech
1186 1823 1232 1870 est
1248 1829 1304 1891 per
1329 1808 1488 1869 Janchech
1514 1807 1555 1869 ad
1572 1821 1647 1869 octo

384 1912 452 1975 dies
476 1930 656 1998 prorogata.

489 2021 567 2083 item
592 2043 685 2084 causa
716 2023 831 2085 Krosel
862 2037 893 2086 et
924 2023 1025 2085 Curse
1058 2037 1104 2085 est
1134 2042 1190 2105 per
1215 2024 1383 2084 Marenum
1416 2021 1455 2082 ad
1480 2033 1554 2081 octo
1580 2019 1649 2080 dies

383 2139 508 2209 recepta
529 2127 570 2189 ad
595 2147 718 2211 pacem.

487 2233 567 2295 item
592 2234 797 2297 Sebestianus
822 2234 960 2297 condam
984 2234 1079 2315 judex
1110 2248 1140 2297 et
1165 2234 1283 2295 Paulus
1308 2234 1418 2316 Kypar
1449 2231 1527 2294 feria
1559 2246 1647 2294 sexta

382 2337 526 2420 ipsorum
550 2340 769 2403 ‘instrumenta
800 2340 935 2403 literalis
967 2341 1144 2423 producere
1176 2341 1305 2419 debent,
1340 2339 1520 2421 specialiter
1551 2358 1649 2421 super

383 2442 498 2506 domos
525 2445 643 2509 habita.

488 2550 567 2614 Item
591 2551 669 2614 feria
692 2566 778 2615 serta
803 2553 954 2633 magister
978 2552 1096 2614 Paulus
1116 2572 1172 2633 per
1196 2553 1364 2613 Marenum
1389 2565 1420 2612 et
1444 2549 1647 2632 Mychaelem

385 2658 532 2719 atestabit
563 2671 672 2720 contra
705 2658 934 2720 Hrexinicham
962 2660 995 2721 in
1027 2678 1077 2738 eo,
1102 2658 1190 2740 quod
1224 2658 1290 2740 ipse
1323 2677 1396 2719 cum
1421 2657 1488 2739 ipsa
1513 2676 1648 2718 concor·

383 2761 486 2826 dasset
510 2777 542 2825 et
564 2765 781 2826 renunciasset
804 2764 893 2825 omni
917 2765 965 2827 liti
990 2778 1022 2827 et
1044 2764 1216 2846 questioni.

489 2870 567 2933 Item
591 2869 669 2932 feria
693 2885 780 2934 sexta
805 2871 948 2953 proxima
967 2871 1129 2933 Johannes
1147 2869 1242 2930 Liber
1267 2881 1376 2930 contra
1402 2869 1561 2930 Marinam
1579 2882 1645 2931 ate·

383 2976 479 3038 stabit
510 2996 567 3059 per
599 2996 730 3039 uxorem
757 2977 888 3059 Georgii
921 2977 1037 3039 literati
1070 2992 1100 3037 et
1124 2975 1255 3037 {uanam
1281 2994 1413 3036 uxorem
1438 2973 1495 3035 filii
1529 2975 1644 3037 Petren

383 3083 470 3164 quod
496 3083 601 3165 ipsum
624 3085 730 3146 verbis
752 3085 899 3166 turpibus
923 3098 953 3147 et
977 3082 1182 3164 vituperiosis
1203 3080 1367 3144 affecisset.

489 3189 567 3250 item
592 3191 694 3251 Lucas
717 3190 865 3252 sacerdos
899 3203 1008 3252 contra
1042 3189 1131 3249 Mark
1156 3187 1258 3250 filium
1292 3187 1448 3249 Gemzine
1473 3206 1529 3268 per
1554 3189 1646 3250 Jaco-

383 3294 460 3356 bum
486 3308 516 3357 et
540 3296 719 3358 Johannem
743 3295 925 3377 pellificem,
943 3294 1031 3378 quod
1044 3294 1151 3377 ipsum
1168 3294 1342 3356 enormiter
1366 3294 1563 3356 verberasset
1580 3310 1646 3357 ate-

382 3400 477 3462 stabit
500 3399 578 3462 feria
601 3417 697 3464 sexta.

487 3507 567 3569 item
591 3506 701 3569 relicta
717 3507 787 3569 Elie
805 3505 961 3569 carnificis
985 3521 1095 3568 contra
1111 3506 1328 3569 Laurentium
1351 3505 1549 3567 sacerdotem
1568 3506 1647 3571 feria

382 3626 468 3674 sexta
496 3612 713 3695 respondebit.

489 3719 567 3782 Item
592 3719 710 3781 Paulus
734 3732 823 3782 sutor
846 3732 957 3781 contra
988 3719 1168 3781 Johannem
1200 3732 1340 3781 sutorem
1365 3717 1508 3780 secundo
1532 3718 1648 3780 citatus

383 3845 448 3888 non
473 3825 661 3908 comparuit.

490 3932 568 3994 Item
593 3933 744 3994 Marenus
768 3930 905 3994 condam
929 3930 1051 4014 juratus
1082 3931 1271 3994 Sebestiano
1302 3945 1412 3994 nostro
1436 3930 1574 3993 condam
1598 3931 1647 4014 ju·

383 4038 445 4100 dici
471 4039 503 4100 in
526 4038 700 4120 quindenis
731 4058 849 4100 novem
871 4038 941 4103 flor.
965 4039 1045 4117 auri,
1077 4038 1184 4099 minus
1208 4057 1271 4099 una
1295 4057 1392 4120 pensa
1425 4038 1645 4117 denariorum,

382 4145 505 4207 solvere
529 4143 634 4210 debet

488 4250 566 4312 Item
591 4251 773 4333 Stephanus
804 4249 888 4311 filius
912 4249 1045 4332 Cbopor
1070 4250 1102 4311 in
1133 4248 1306 4330 quindenis
1331 4249 1520 4311 Sebastiano
1545 4248 1644 4329 judici

383 4357 594 4439 quadraginta
617 4356 687 4419 flor.
711 4357 836 4419 solvere
859 4356 963 4419 debet.

489 4464 566 4526 Item
584 4483 679 4526 causa
701 4462 833 4525 domine
850 4462 945 4525 Clare
962 4476 993 4524 et
1009 4462 1080 4524 Elie
1097 4461 1249 4524 aurifabri
1273 4476 1320 4525 est
1335 4461 1376 4525 ad
1393 4462 1504 4525 feriam
1522 4475 1644 4524 sextam

405 4582 563 4650 rorogata.

383 4590 403 4652 p
488 4676 565 4738 Item
590 4675 728 4737 Jacobus
751 4674 912 4737 Vrbanich
936 4688 1046 4737 contra
1071 4654 1206 4735 Paulum
1232 4675 1342 4756 Kypar
1364 4674 1505 4735 secundo
1530 4675 1647 4736 citatus

382 4801 448 4843 non
472 4780 659 4863 comparuit.
