3404 5362
587 329 672 384 Anno
696 322 790 401 1388.
818 359 854 368 -
881 337 930 400 27.
947 325 1109 400 februarii·

317 539 470 601 Nicolaus
494 536 579 599 filius
603 537 697 599 Petri.

318 646 429 707 Petrus
458 644 601 706 literatus
631 642 717 705 filius
742 641 905 706 Iohannis.

318 750 480 812 Iohannes
503 749 588 812 filius
613 749 707 812 Petri.
1025 747 1131 829 lingva
1158 746 1401 827 Hungarorum.

318 857 421 918 Lucas
444 876 589 938 arcupar.

318 963 480 1025 Iohannes
507 982 632 1044 parvus.

318 1175 481 1237 lohannes
513 1174 598 1236 lilius
630 1173 750 1236 Jacobi.

318 1281 402 1343 Iwan
427 1280 596 1345 Wrouich.
808 1188 820 1397 I

319 1386 495 1448 HansIInus
522 1389 638 1448 tasltar.
868 1383 976 1465 lingva
1002 1382 1272 1444 TeutonIcorum.

318 1492 479 1554 Iohannes
503 1494 653 1575 Zagorcz.
808 1416 821 1631 Ι

319 1599 382 1660 Res
405 1599 633 1660 stachunarius.

323 1828 400 1889 Item
425 1826 537 1910 prelati
574 1827 726 1889 dominus
752 1828 836 1888 Luca
861 1825 958 1906 judex
982 1838 1013 1887 et
1037 1825 1105 1886 eius
1129 1823 1221 1905 jurati
1247 1843 1283 1884 ac
1308 1822 1481 1884 consiliarii

215 1936 361 1997 universa
386 1949 500 1997 statuta
528 1949 595 1996 tam
631 1934 662 1995 in
694 1932 832 2016 presenti
866 1934 996 1994 katerna
1021 1950 1119 2013 quam
1152 1930 1252 1992 eciam
1278 1930 1310 1990 iu
1337 1930 1411 1991 aliis
1435 1932 1483 1990 lta-

218 2042 317 2103 ternis
341 2041 517 2123 conscripta
543 2039 795 2102 irrevocabiliter
817 2038 1017 2100 observanda
1041 2035 1323 2098 confirmaverunt.

324 2149 400 2209 Item
424 2147 559 2229 predicti
595 2146 747 2208 dominus
772 2146 858 2207 Luca
890 2144 995 2226 judex,
1030 2143 1123 2223 jurati
1149 2158 1179 2205 et
1213 2143 1281 2203 eius
1306 2142 1484 2203 consiliarii

217 2253 249 2314 in
274 2273 332 2314 suo
358 2253 492 2314 concillo
515 2253 657 2333 generali
676 2252 886 2314 decreverunt
911 2265 941 2313 et
965 2263 1154 2327 statuerunt,
1178 2248 1266 2330 quod
1286 2249 1489 2329 quicumque

215 2357 341 2420 fabrum
366 2373 437 2420 ante
463 2372 621 2420 nostratos
645 2358 794 2420 homiues
811 2359 972 2419 babbacus
989 2356 1163 2437 denegaret
1187 2368 1218 2416 et
1241 2373 1365 2436 equum
1390 2353 1488 2416 suffe·

214 2485 282 2527 rare
307 2465 419 2543 nollet,
445 2479 560 2527 extunc
577 2465 648 2526 talis
665 2463 755 2526 faber
780 2483 877 2525 unam
896 2482 1035 2525 marcam
1059 2461 1266 2524 denariorum
1290 2461 1360 2521 sine
1377 2459 1491 2541 aliqua

212 2572 317 2653 gracia
342 2571 465 2632 solvere
490 2572 616 2633 debeat.

320 2677 396 2738 Item
434 2675 546 2758 prelati
572 2677 658 2737 Luca
688 2676 794 2757 judex,
827 2675 918 2758 jurati
944 2689 975 2737 et
998 2673 1171 2737 consiliarii
1205 2673 1422 2734 decreverunt
1458 2688 1489 2735 et

214 2795 402 2861 statuerunt,
420 2783 508 2863 quod
529 2782 665 2864 quilibet
682 2797 770 2845 sutor
787 2783 945 2845 sutulares
961 2782 1065 2843 bonos
1082 2800 1140 2863 pro
1158 2778 1270 2841 maiori
1289 2780 1400 2861 precio
1427 2780 1490 2841 nisi

214 2907 273 2971 pro
299 2904 371 2950 octo
397 2888 559 2950 crisanach
587 2888 714 2950 vendat.

319 2995 396 3056 Item
423 2994 535 3076 prelati
560 2995 646 3056 Luca
671 2995 775 3075 judex,
800 2995 892 3076 jurati
923 3007 954 3057 et
978 2992 1150 3055 consiliarii
1177 3004 1367 3069 statuerunt,
1393 2991 1487 3073 quod

216 3100 354 3180 quilibet
377 3101 511 3162 cimator
540 3100 579 3161 de
610 3120 675 3162 uno
707 3101 836 3163 brachIo
869 3100 966 3183 panni
990 3098 1175 3180 (valentem)
1201 3116 1302 3158 unum
1328 3096 1401 3160 flor.
1437 3097 1488 3160 vel

215 3206 297 3288 plus,
322 3207 404 3267 duos
428 3207 550 3268 solidos
573 3207 613 3269 de
637 3208 812 3268 cimacione
837 3206 977 3288 recipere
998 3205 1115 3288 possit3
1140 3203 1245 3285 qualis
1268 3217 1380 3265 autem
1406 3224 1486 3287 pan·

215 3332 275 3374 nus
299 3314 405 3374 miuus
431 3333 528 3394 quam
555 3333 621 3375 uno
646 3311 714 3374 flor.
746 3326 961 3395 comparatur,
987 3311 1025 3373 de
1042 3310 1109 3389 tali,
1135 3330 1201 3371 uno
1226 3309 1359 3371 brachio
1385 3330 1487 3371 unum

214 3417 355 3479 solidum
380 3419 523 3501 recipere
548 3419 672 3480 debeat.

515 3565 611 3640 Festa
638 3576 735 3640 sexta
764 3575 842 3641 ante
870 3568 1071 3641 dominicam
1099 3566 1204 3640 Oculi.

717 3719 782 3803 (27.
798 3722 977 3804 februaria).

324 3845 400 3906 Item
425 3844 559 3906 Zaltaria
583 3860 692 3907 contra
716 3845 918 3908 Anthonium
944 3859 1058 3907 octavo
1084 3844 1135 3906 die
1160 3843 1382 3925 respondebit.

325 3950 402 4013 Item
427 3998 434 4013 .
460 3996 467 4011 .
491 3949 623 4033 pellifex
639 3951 850 4033 quadraginta
867 3953 937 4016 flor.
955 3950 1156 4033 Margarethe
1173 3970 1275 4032 usque
1300 3951 1486 4032 quindenas

216 4056 341 4118 solvere
367 4057 472 4119 debet.

324 4162 401 4224 Item
425 4162 616 4225 Valentinus
639 4162 820 4225 Zdradbich
852 4164 884 4225 ln
909 4161 980 4225 loro
1006 4163 1038 4225 in
1063 4162 1147 4226 lacto
1180 4162 1277 4224 Blasii
1310 4163 1489 4249 interemp-

216 4267 319 4330 cionis
342 4268 497 4349 legittime
521 4269 737 4351 proclamatus
760 4268 800 4330 ad
826 4268 983 4350 justiciam
1009 4289 1074 4330 non
1099 4271 1196 4333 venit.

325 4374 402 4435 Item
435 4394 529 4437 causa
561 4374 718 4437 Wrouich
754 4388 864 4437 contra
897 4374 1078 4437 Fabianum
1111 4395 1212 4457 usque
1243 4388 1317 4438 octo
1349 4375 1420 4438 dies
1445 4377 1486 4439 ad

220 4499 331 4562 pacem
356 4493 402 4541 est
427 4495 563 4563 recepta.

323 4586 400 4647 Item
425 4587 573 4647 Vrbanus
596 4600 706 4648 contra
730 4586 930 4648 Anthonium
956 4586 1060 4668 primo
1078 4587 1191 4648 citatus
1208 4606 1273 4648 non
1290 4589 1479 4669 comparuit

323 4691 401 4752 Item
427 4692 548 4753 Jursich
580 4712 680 4773 usquc
713 4693 891 4774 quindenas
923 4707 1051 4755 centum
1081 4692 1292 4774 quadraginta
1325 4713 1380 4755 sex
1413 4693 1483 4759 flor.

219 4800 378 4860 executori
407 4800 504 4859 Marci
529 4800 651 4859 solvere
677 4799 782 4860 debet.
