3398 5364
215 384 277 463 326
616 383 703 440 Anno
727 395 820 457 1590.
849 414 885 424 -
911 394 962 441 20.
987 382 1067 443 maii.

318 595 395 656 Item
409 594 561 655 Nicolaus
575 607 684 654 contra
699 590 870 653 Chuethko
884 590 1074 653 secundario
1089 592 1203 653 citatus
1215 612 1280 655 non
1291 593 1475 675 comparuit.

319 700 397 762 Item
424 699 539 762 Gallus
556 713 587 761 et
604 699 715 760 Petrus
731 711 833 760 sartor
856 711 965 760 contra
984 697 1183 779 Stephanum
1204 712 1361 761 sartorem
1378 698 1475 781 primo

215 807 301 869 citati
326 826 392 869 non
417 818 676 888 comparuerunt.

319 912 397 974 Item
423 913 562 974 Iacobus
585 911 711 973 institor
735 922 844 972 contra
863 909 1057 991 Gregorium
1074 909 1268 973 secundario
1286 909 1401 973 citatus
1416 929 1474 972 non

214 1019 405 1101 comparuit.

320 1125 399 1187 Item
423 1124 571 1186 Vrbanus
595 1122 684 1185 faber
715 1137 824 1185 contra
857 1122 1026 1184 dominum
1059 1121 1278 1184 Colomanum
1306 1122 1413 1204 primo
1436 1121 1472 1183 ci·

213 1244 299 1294 tatus
323 1251 389 1293 non
413 1230 604 1313 comparuit.

319 1338 399 1400 Item
425 1335 556 1419 Mathey
579 1336 680 1398 decan
698 1348 807 1399 contra
832 1337 974 1399 Marcum
993 1348 1107 1398 octavo
1131 1335 1183 1397 die
1206 1334 1343 1397 literaiia
1369 1335 1474 1397 instru-

214 1458 322 1506 menta
347 1442 497 1505 exhibere
526 1441 629 1504 debet

319 1549 397 1612 Item
414 1550 566 1611 Nicolaus
590 1599 597 1613 .
623 1598 630 1612 .
656 1561 765 1611 contra
783 1550 939 1611 Iacobum
956 1549 1061 1631 prImo
1075 1549 1188 1612 citatus
1204 1568 1270 1610 non
1284 1548 1469 1632 comparuit.

319 1655 396 1718 Itenr
424 1657 535 1718 Petrus
559 1655 702 1718 literatus
726 1670 837 1718 contra
862 1656 1004 1717 Blasium
1028 1656 1134 1738 primo
1158 1655 1272 1716 citatus
1301 1674 1367 1717 non
1392 1674 1471 1717 corn·

214 1763 328 1845 paruit.

320 1868 397 1931 Item
422 1888 515 1931 causa
541 1868 690 1951 Gregorii
715 1881 825 1931 contra
849 1868 1010 1930 Briccium
1042 1886 1142 1949 usque
1168 1880 1241 1929 octo
1265 1866 1336 1929 dies
1360 1867 1400 1930 ad
1424 1887 1473 1950 pa·

214 1994 283 2036 cem
310 1989 355 2037 est
379 1988 516 2057 recepta.

319 2082 398 2144 Item
423 2128 483 2145 ...
509 2095 618 2144 contra
637 2081 838 2165 Mychaelem
859 2081 1048 2144 secundario
1078 2082 1171 2144 citata
1200 2101 1266 2142 non
1291 2082 1478 2164 comparuit.

320 2187 397 2249 Item
424 2187 605 2271 Stephanus
629 2203 739 2250 contra
763 2189 922 2251 Iacobum
946 2201 1060 2250 octavo
1086 2188 1139 2249 die
1163 2187 1384 2271 respondebit.

321 2292 398 2354 Item
425 2294 570 2355 Thomas
584 2294 759 2375 Hungarus
776 2307 885 2356 contra
903 2293 1043 2355 eundem
1060 2293 1175 2355 eodem
1193 2293 1244 2355 die
1261 2294 1477 2377 respondebit.

321 2397 398 2461 Item
424 2418 518 2461 causa
543 2399 661 2462 Bedice
682 2413 792 2462 contra
822 2398 1086 2461 Bartholomeum
1122 2419 1223 2481 usque
1246 2413 1323 2461 octo
1349 2400 1418 2462 dies
1441 2398 1477 2462 ad

214 2526 329 2588 pacem
357 2519 402 2566 est
426 2519 562 2588 recepta.

319 2612 398 2673 Item
422 2632 516 2673 causa
625 2627 735 2674 contra
761 2612 960 2695 Stephanum
984 2611 1024 2673 ad
1048 2630 1160 2695 pacem
1184 2624 1231 2673 est
1255 2627 1396 2695 recepta.

319 2718 397 2780 Item
425 2738 519 2780 causa
545 2719 628 2780 Petri
654 2718 800 2800 Hungari
825 2732 934 2781 contra
961 2719 1089 2780 Petrum
1114 2717 1273 2780 decanum
1298 2718 1340 2780 ad
1366 2739 1474 2802 pacem

214 2836 260 2885 est
283 2839 420 2906 recepta.

320 2931 397 2993 Item
422 2952 515 2993 causa
625 2945 735 2994 contra
760 2931 977 3013 Kopunouich
1002 2931 1042 2993 ad
1071 2950 1184 3014 pacem
1209 2944 1257 2993 est
1280 2945 1420 3014 recepta.

319 3038 397 3099 Item
423 3087 481 3101 ...
506 3051 615 3100 contra
641 3037 787 3120 Mathyas
811 3037 1000 3099 secundario
1018 3039 1131 3099 citatus
1156 3055 1221 3098 non
1245 3037 1436 3119 comparuit.

318 3145 396 3206 Item
421 3165 515 3207 causa
634 3157 743 3206 contra
776 3143 941 3205 Bartolum
973 3164 1074 3226 usque
1099 3157 1173 3205 octo
1205 3142 1274 3204 dies
1299 3143 1340 3205 ad
1364 3161 1474 3226 pacem

213 3266 260 3313 est
283 3266 421 3333 recepta.

318 3360 394 3421 Item
422 3405 482 3420 ...
508 3373 616 3421 contra
646 3358 784 3419 Borkam
808 3357 998 3420 secundario
1015 3357 1130 3419 citatus
1154 3376 1219 3418 non
1243 3356 1434 3438 comparuit.

319 3465 398 3526 Item
423 3466 534 3526 Petrus
558 3480 667 3527 contra
686 3464 846 3546 Magdych
863 3476 977 3526 octavo
995 3463 1045 3525 die
1063 3475 1158 3524 testes
1174 3462 1355 3545 producere
1373 3462 1475 3524 debet.

319 3572 396 3631 Item
426 3620 483 3634 ...
509 3584 618 3633 contra
644 3571 746 3632 Malar
778 3584 892 3632 octavo
918 3570 970 3631 die
994 3583 1090 3632 testes
1113 3568 1292 3651 producere
1316 3568 1422 3633 debet.

318 3676 397 3737 Item
425 3724 484 3740 ...
509 3692 619 3740 contra
646 3678 775 3739 Batisko
800 3677 989 3739 secundario
1014 3677 1128 3738 citatus
1151 3695 1217 3738 non
1242 3676 1434 3759 comparuit.

318 3783 395 3844 Item
420 3784 507 3864 quod
533 3785 608 3865 quia
625 3783 780 3845 Nicolaus
797 3783 954 3865 Delasych
972 3803 1028 3865 per
1051 3796 1147 3845 testes
1170 3780 1317 3844 efficaces
1342 3782 1375 3843 id
1392 3802 1476 3843 com·

212 3889 370 3969 probavit,
387 3890 474 3971 quod
494 3890 609 3972 Mykch
636 3889 788 3971 Magdich
813 3890 873 3951 sibi
899 3889 938 3951 de
962 3890 1163 3971 septuaginta
1180 3889 1326 3971 quinque
1350 3887 1476 3950 florenis

212 3995 280 4056 auri
306 4015 370 4056 non
396 3997 426 4057 In
452 3996 718 4075 dimInucionem,
743 3995 799 4058 sed
823 3995 935 4077 pocius
956 3996 1081 4057 lucrum
1106 4042 1166 4058 ...
1191 3994 1267 4056 ideo
1287 4014 1348 4076 pro
1364 3994 1474 4057 maiori

212 4101 335 4183 justicia
367 4101 470 4163 eidem
504 4103 640 4163 Nicolao
666 4102 809 4164 secundo
833 4122 866 4164 se
897 4101 1114 4182 juramentum
1138 4099 1423 4184 (adjudicavimus)
1440 4119 1475 4161 eo

212 4207 321 4286 modo,
353 4208 440 4288 quod
474 4209 539 4290 ipse
572 4209 676 4290 ipsum
711 4208 827 4291 Myitch
854 4207 1012 4291 Magdych
1039 4258 1045 4271 .
1071 4257 1077 4271 .
1105 4257 1111 4271 .
1137 4258 1144 4271 .
1176 4207 1246 4272 flor.
1272 4220 1475 4290 expectasset,

213 4313 274 4374 nisi
298 4327 428 4395 propter
459 4334 549 4374 suam
583 4314 802 4390 voluntatem3
835 4315 903 4397 ipse
934 4328 1041 4376 autem
1064 4314 1170 4376 Miltch
1200 4313 1352 4394 Magdich
1378 4315 1473 4397 ipsam

214 4440 342 4481 causam
368 4421 407 4481 ad
432 4421 582 4502 antiquos
607 4420 728 4501 judices
751 4421 934 4502 appellavit.

318 4526 395 4588 Item
420 4527 495 4608 quia
518 4527 656 4609 quedam
675 4528 765 4589 litera
784 4527 931 4608 Gregorii
950 4526 1006 4588 filii
1024 4527 1140 4608 Angeli
1159 4525 1198 4587 de
1218 4570 1225 4587 .
1245 4575 1251 4588 .
1271 4574 1277 4587 .
1303 4526 1395 4607 quod
1412 4527 1475 4610 ipse

212 4646 340 4694 centum
366 4633 434 4696 flor.
454 4634 522 4694 auri
544 4633 702 4714 Gregorio
722 4634 878 4717 voyschar
902 4680 908 4694 .
936 4680 943 4695 .
969 4683 976 4697 .
1003 4633 1127 4695 lucrum
1145 4653 1210 4695 non
1228 4633 1381 4714 dedisset,
1405 4635 1475 4696 ideo

213 4739 317 4800 adhuc
341 4739 426 4820 juxta
451 4740 625 4821 predictam
660 4788 667 4802 .
695 4788 702 4801 .
729 4788 736 4802 .
774 4740 932 4818 Gregorio
965 4739 1032 4802 filio
1057 4739 1173 4821 Angeli
1199 4760 1238 4802 eo
1263 4740 1364 4802 modo
1396 4740 1474 4821 judi·

213 4846 355 4908 cavimus
378 4860 413 4908 ut
437 4848 502 4928 ipse
536 4862 649 4909 octavo
681 4847 733 4909 dIe
765 4847 863 4909 tercio
895 4867 927 4909 se
959 4860 1194 4910 sacramentum
1217 4862 1360 4930 prestare
1391 4862 1475 4911 tene·
