3404 5362
336 506 414 569 Item
439 508 524 570 lwan
550 507 628 572 feria
652 511 748 573 tercia
773 513 915 575 secundo
939 535 973 577 se
997 515 1124 596 jurabit,
1149 518 1237 599 quod
1263 519 1367 603 ipsum
1395 520 1497 584 Geor·

225 613 303 694 gius
327 615 567 679 molendinator
590 619 796 682 vulnerasset.

338 721 415 783 Item
440 723 574 785 Zakaria
599 723 676 787 feria
705 727 801 788 tercia
834 747 993 809 supereo
1024 727 1143 810 jurabit
1167 751 1225 813 pro
1250 747 1371 814 quanto
1396 755 1496 798 unum

231 846 352 907 equum
381 843 605 913 comparasset.

335 935 413 997 ltem
437 936 526 1017 quod
551 937 625 1019 quia
651 938 796 1001 Andreas
820 940 948 1023 Rosych
970 940 1061 1024 (h)eri
1087 942 1118 1003 in
1144 941 1214 1006 foro
1240 946 1493 1028 conprovinciali

227 1038 258 1100 in
296 1037 381 1102 facto
417 1041 680 1125 interempcionis
712 1044 855 1108 lwchech
894 1046 935 1107 ad
967 1045 1125 1127 justiciam
1156 1050 1303 1113 terciario
1336 1052 1493 1133 legittime

225 1147 443 1228 proclamatus
476 1168 541 1211 non
573 1151 679 1230 venit,
710 1151 784 1213 ideo
816 1153 1078 1236 quandocunque
1111 1155 1142 1215 in
1175 1157 1334 1219 territorio
1357 1159 1494 1223 civitatis

224 1255 357 1335 reperiri
381 1257 498 1336 poterit
522 1257 660 1319 vindicta
686 1257 726 1319 de
751 1259 820 1341 ipso
845 1275 1056 1343 sumpmatur.

375 1453 470 1529 Feria
503 1461 610 1530 tercia
639 1462 794 1549 proxima
829 1470 905 1551 post
934 1462 1135 1535 dominicam
1164 1465 1348 1538 luvocavit.

332 1609 409 1671 ltem
426 1610 617 1673 Valentinus
641 1625 749 1674 contra
777 1612 949 1696 Matheylro
974 1628 1005 1676 et
1030 1615 1204 1677 Martinum
1243 1617 1348 1699 primo
1380 1619 1493 1680 citatus

224 1734 290 1776 non
315 1716 505 1798 comparuit.

328 1820 406 1884 ltem
439 1823 550 1885 Petrus
581 1837 691 1886 contra
724 1822 919 1906 Gregorium
950 1840 1106 1889 sartorem
1138 1827 1244 1910 primo
1277 1829 1391 1892 citatus
1423 1851 1488 1893 non

221 1930 412 2010 comparuit.

328 2035 407 2097 ltem
425 2036 577 2098 Nicolaus
594 2035 766 2120 Rog(o)aar
781 2052 891 2101 contra
909 2038 1102 2120 Gregorium
1121 2040 1236 2121 Angeli
1254 2041 1359 2123 primo
1376 2042 1489 2104 citatus

222 2160 289 2202 non
314 2144 505 2224 comparuit.

327 2248 405 2311 ltem
429 2249 490 2332 lsip
515 2263 616 2312 sartor
632 2264 742 2313 contra
766 2251 841 2314 luan
868 2251 1039 2334 Hlebopek
1055 2253 1161 2335 primo
1179 2253 1292 2315 citatus
1317 2273 1382 2316 non
1399 2273 1487 2316 com·

219 2354 335 2435 paruit.

326 2460 403 2523 ltem
428 2462 547 2524 Paulus
571 2477 680 2525 contra
706 2462 900 2545 Gregorium
923 2464 1029 2547 primo
1061 2465 1175 2541 citatus
1199 2485 1265 2527 non
1290 2467 1482 2548 comparuit.

325 2567 403 2630 ltem
428 2568 587 2651 Georgius
604 2570 821 2652 carpentarius
836 2583 946 2631 contra
971 2570 1137 2633 Simonem
1156 2571 1260 2653 primo
1278 2571 1391 2633 citatus
1415 2592 1480 2634 non

219 2674 409 2756 comparuit.

324 2779 402 2842 ltem
435 2781 548 2844 Simon
575 2796 606 2845 et
631 2782 814 2866 Stephanus
838 2796 952 2844 octavo
977 2782 1029 2844 die
1061 2795 1172 2845 contra
1196 2805 1264 2847 sese
1289 2798 1384 2847 testes
1407 2806 1482 2869 pro·

219 2885 336 2949 ducere
361 2887 490 2951 debent.

325 2993 401 3055 ltem
426 2995 580 3056 Nicolaus
604 3008 634 3056 et
652 2994 845 3057 Benedictus
868 3009 979 3058 contra
996 2995 1204 3058 Valentinum
1230 2996 1270 3058 de
1295 2998 1386 3059 Nova
1405 2998 1481 3061 villa

218 3100 322 3181 primo
355 3101 441 3162 citati
466 3121 532 3163 non
558 3115 819 3183 comparuerunt.

324 3207 403 3269 ltem
428 3208 593 3270 Dionisius
616 3222 725 3270 contra
753 3209 880 3270 Petrum
913 3207 1018 3290 primo
1050 3208 1164 3270 citatus
1195 3229 1259 3271 non
1292 3210 1483 3292 comparuit.

324 3314 401 3376 ltem
426 3316 489 3377 Res
506 3329 617 3376 contra
641 3314 821 3376 Johannem
839 3314 936 3375 Liber
953 3315 1057 3395 primo
1075 3314 1188 3376 citatus
1205 3335 1271 3377 non
1288 3317 1478 3398 comparuit.

321 3419 399 3482 ltem
435 3422 573 3482 lacobus
609 3420 734 3503 Cupich
771 3433 881 3482 contra
916 3420 1087 3482 Nicolaum
1123 3421 1227 3502 primo
1264 3421 1377 3484 citatus
1415 3442 1481 3484 non

217 3528 407 3610 comparuit.

321 3634 398 3696 ltem
415 3636 511 3696 Lucia
526 3635 643 3697 mulier
656 3648 764 3697 contra
783 3633 949 3696 Elizabeth
967 3634 1072 3716 primo
1095 3634 1189 3696 citata
1208 3654 1271 3696 non
1290 3635 1481 3716 comparuit.

323 3741 401 3803 ltem
433 3762 527 3803 causa
560 3741 704 3822 Georgii,
740 3741 868 3823 Voryh,
901 3740 1055 3801 Johannis
1087 3738 1228 3802 filiorum
1262 3741 1417 3801 Hermani
1451 3755 1481 3802 et

215 3847 351 3931 Mykech
375 3847 432 3910 filii
459 3848 612 3929 Stephani
637 3861 746 3909 contra
771 3846 941 3908 Nicolaum
967 3845 1069 3908 lilium
1095 3846 1178 3908 Petri
1205 3848 1245 3907 ita
1271 3861 1318 3908 est
1341 3846 1480 3926 judicata

214 3974 269 4036 per
293 3953 424 4036 juratos,
450 3955 538 4036 quod
570 3956 645 4036 quia
676 3953 790 4036 prelati
823 3952 879 4015 filii
905 3953 1060 4015 Hermoni
1094 3967 1125 4014 et
1151 3953 1287 4034 Mykech
1312 3953 1478 4014 accionem

213 4080 326 4122 eorum
351 4061 411 4122 nisi
437 4081 508 4122 curn
534 4060 728 4142 quibusdam
754 4060 853 4121 literis
877 4058 1179 4140 inquisicionalibus
1196 4073 1225 4119 et
1251 4078 1314 4119 non
1340 4059 1404 4121 alio
1422 4060 1478 4120 do·

213 4181 363 4228 cumento
396 4166 481 4246 juxta
514 4166 778 4228 consvetudinem
811 4167 946 4228 civitatis
976 4165 1186 4247 comprobare
1217 4166 1378 4242 valebant,
1404 4166 1477 4227 ideo

212 4272 436 4355 judicaverunt
454 4293 491 4334 eo
510 4273 619 4351 modo,
634 4273 721 4355 quod
740 4271 880 4355 prefatus
901 4272 1053 4334 Nicolaus
1071 4271 1102 4332 in
1121 4270 1293 4352 quindenis
1318 4272 1477 4353 quinqua·

210 4380 299 4459 ginta
323 4380 408 4441 cives
431 4393 583 4442 statueret
607 4381 638 4442 in
657 4380 790 4441 ecclesia
814 4379 913 4440 sancti
934 4379 1030 4440 Marci
1055 4391 1085 4439 et
1109 4397 1182 4438 curn
1201 4377 1312 4458 viginti
1332 4378 1476 4459 quinque

212 4487 335 4548 civibus
359 4485 478 4565 juraret
502 4506 597 4568 super
621 4506 670 4564 eo,
695 4486 783 4567 quod
809 4486 875 4568 ipse
894 4485 924 4546 in
943 4481 1170 4545 interleccione
1193 4483 1325 4544 domine
1352 4476 1476 4564 Marga-

212 4592 298 4655 rethe
331 4591 396 4654 filie
432 4592 586 4654 Johannis
618 4591 693 4653 dicti
727 4592 845 4652 Nemes
877 4591 1031 4652 innocens
1063 4589 1227 4664 existerem
1259 4587 1334 4648 dicti
1368 4602 1476 4651 autem

211 4697 266 4761 lilii
292 4699 449 4762 Hermani
474 4713 505 4760 et
522 4697 657 4781 Mykech
684 4699 784 4780 ipsam
802 4717 930 4759 causam
955 4698 994 4758 ad
1015 4699 1183 4758 sabbatum
1204 4695 1387 4776 proximum
1405 4707 1476 4776 post

211 4805 295 4868 diem
321 4805 676 4887 mediequadragesime
700 4805 740 4866 ad
764 4804 915 4886 antiquos
938 4803 1060 4884 judices
1083 4801 1297 4884 appellarunt.
