3404 5362
642 334 729 391 Anno
752 345 837 410 1377.
861 368 905 377 —
927 345 956 408 5.
973 335 1066 410 simii.

332 544 409 605 Item
438 543 579 605 Briccius
609 557 718 606 contra
749 543 888 607 Wlkech
920 555 1034 605 octavo
1067 544 1119 606 die
1152 565 1184 606 se
1208 558 1343 608 octavus
1374 545 1493 628 jurabit

224 669 319 732 super
343 649 482 731 quadam
500 648 706 712 fideiussione
731 652 827 734 Myke
844 663 954 712 contra
972 649 1070 733 Stepk
1086 650 1233 712 similiter
1248 650 1493 727 octavusmeth;

225 757 309 818 Iwan
327 768 437 817 contra
454 756 610 816 Iacobum
634 777 666 818 se
691 770 823 839 quartus
839 757 872 818 iu
897 775 947 834 eo,
971 755 1059 837 quod
1076 756 1136 838 ipsi
1160 776 1233 819 cum
1257 756 1448 820 fideiussore
1472 777 1489 819 a

224 863 377 943 magistro
402 862 496 923 Petro
520 880 585 922 non
610 863 803 945 recepissent
830 862 914 924 misti
939 881 1014 923 cum
1045 862 1187 944 ipsorum
1211 862 1302 944 justis
1327 865 1432 926 bobus
1456 874 1488 926 et

224 968 324 1044 veris3
350 969 451 1050 ipsam
476 981 583 1029 autem
609 988 737 1030 causam
761 969 845 1030 idem
875 968 1027 1049 magister
1056 968 1168 1031 Petrus
1199 970 1240 1031 ad
1264 970 1417 1051 antiquos
1439 968 1488 1051 ju·

224 1074 311 1136 dices
334 1074 508 1157 appellavit
531 1074 571 1136 ad
596 1076 764 1138 sabbatum
789 1095 875 1137 nunc
899 1075 1081 1137 instantem.

329 1181 407 1243 Item
432 1181 578 1243 Andreas
602 1196 711 1244 contra
736 1182 900 1245 Thomam
930 1180 1129 1244 aurifabrum
1153 1182 1259 1265 primo
1284 1182 1400 1244 citatus
1424 1201 1489 1244 non

172 1310 179 1322 ·
223 1288 412 1370 comparuit.

329 1395 405 1456 Item
431 1414 525 1456 causa
551 1394 727 1477 Mychaelis
749 1393 806 1457 filii
833 1396 992 1478 Damyani
1010 1409 1042 1458 et
1065 1393 1206 1477 Philippi
1230 1392 1288 1456 filii
1312 1394 1418 1456 Mauri
1444 1408 1491 1457 est

221 1515 293 1583 post
316 1521 411 1563 auum
436 1502 609 1563 adventum
634 1501 673 1563 ad
699 1502 839 1584 primum
863 1501 1020 1584 judicium
1046 1513 1226 1584 prorogata.

327 1625 403 1687 Item
429 1626 591 1688 Iohannes
616 1625 779 1688 Chemerii
805 1626 919 1688 ductus
935 1626 1048 1708 spIritu
1070 1639 1181 1687 sancto
1199 1623 1363 1706 quandam
1389 1624 1489 1687 eccle·

225 1731 304 1792 siam
328 1732 360 1792 in
386 1732 508 1794 honore
532 1733 633 1794 sancti
658 1731 791 1813 Georgii
816 1731 953 1794 martiris
988 1731 1134 1814 superius
1157 1743 1299 1792 nostram
1323 1729 1488 1791 civitatem

227 1858 326 1919 prope
351 1839 499 1900 arborem
524 1839 662 1902 castanei
687 1838 842 1900 fabricare
879 1838 1027 1917 intendit,
1059 1852 1090 1899 et
1113 1837 1188 1919 quia
1213 1835 1252 1898 ad
1277 1855 1410 1918 presens
1441 1849 1488 1898 est

225 1945 324 2005 nimia
358 1945 523 2007 debilitate
554 1960 738 2027 occupatus,
771 1945 875 2007 voluit
907 1959 938 2008 et
961 1965 994 2006 se
1027 1944 1159 2007 firmiter
1188 1943 1346 2024 obIIgavit
1377 1962 1488 2004 coram

225 2051 328 2131 nobis,
352 2051 440 2133 quod
466 2053 490 2113 si
516 2052 618 2135 ipsam
642 2052 809 2113 ecclesiam
826 2052 914 2113 solus
937 2066 1121 2114 construere
1137 2070 1203 2112 non
1227 2062 1345 2132 posset,
1370 2061 1487 2112 extunc

224 2158 263 2219 de
288 2157 381 2219 bonis
404 2158 469 2220 auis
500 2158 734 2240 quinquaginta
766 2178 887 2220 marcas
911 2158 1115 2220 denariorum
1148 2156 1270 2218 dimisit
1300 2169 1331 2218 et
1362 2155 1485 2236 legavit

222 2263 427 2325 construendi
452 2277 482 2326 et
506 2261 693 2326 fabricandi.

337 2495 434 2572 Ferirt
463 2510 562 2574 sexta
590 2504 744 2591 proxima
773 2507 850 2591 post
879 2507 1020 2573 octavas
1048 2501 1200 2588 corporis
1228 2498 1364 2570 Christi.

763 2667 807 2749 (5.
823 2667 933 2750 J'unii).

325 2823 434 2885 PrImo
458 2845 551 2887 causa
584 2825 738 2887 Iohannis
770 2841 800 2888 et
830 2826 963 2907 Georgii
996 2839 1041 2887 est
1072 2845 1129 2908 per
1153 2826 1322 2887 Marenum
1347 2836 1378 2887 et
1414 2824 1481 2886 Ste-

217 2929 362 3011 phanum
388 2932 533 2994 Pundich
564 2931 605 2995 ad
629 2946 702 2995 octo
727 2933 795 2994 dies
819 2946 944 3015 recepta
968 2932 1008 2993 ad
1040 2951 1170 3014 pacem;
1195 2930 1317 2993 ibidem
1340 2930 1482 2993 devene-

218 3050 292 3098 runt
315 3037 354 3098 ad
380 3057 502 3120 pacem.

324 3142 402 3206 Item
427 3164 519 3208 causa
544 3145 687 3227 magistri
713 3145 865 3227 Stephani
883 3144 940 3206 filii
967 3144 1100 3225 Chopor
1116 3157 1147 3205 et
1172 3143 1296 3205 Nicolai
1320 3140 1378 3204 filii
1405 3143 1481 3205 Ale-

219 3249 331 3311 xandri
356 3263 402 3312 est
434 3265 604 3333 prorogata
636 3272 674 3313 ex
705 3251 1002 3334 superhabundauti
1034 3248 1074 3312 ad
1107 3248 1288 3332 quindenas
1319 3248 1360 3310 ad
1393 3248 1486 3311 exhi·

218 3356 323 3418 benda
360 3357 570 3419 instrumenta
605 3359 680 3439 quia
713 3371 936 3440 procuratores
971 3376 1084 3419 eorum
1119 3368 1388 3439 comparuerunt¹
1421 3355 1484 3439 ipsi

216 3474 413 3524 autemnon
439 3476 688 3546 comparuerunt
711 3483 770 3525 nec
795 3464 1006 3526 instrumenta
1031 3461 1180 3525 exhibere
1203 3474 1365 3525 curarunt.

321 3585 399 3647 Item
424 3587 542 3648 Paulus
566 3587 754 3649 Menchicha
785 3588 941 3669 premisso
972 3587 1159 3649 testimonio
1190 3585 1414 3668 sollempniter
1448 3598 1484 3648 ut

216 3688 328 3753 debuit
350 3693 496 3755 atestavit
520 3693 603 3775 ipsas
626 3693 843 3775 possessiones
866 3693 997 3756 tenendi
1022 3707 1053 3755 et
1075 3692 1226 3755 habendi.

321 3815 399 3878 Item
423 3817 576 3879 Nicolaus
600 3831 710 3880 contra
735 3816 932 3899 Stephanum
952 3818 1057 3901 primo
1074 3817 1188 3879 citatus
1205 3836 1270 3879 non
1288 3818 1480 3900 comparuit.

322 3922 400 3985 Item
427 3922 542 4006 Gyuan
568 3937 678 3986 contra
702 3923 879 4004 Georgium
911 3912 1065 3986 sartorem
1088 3921 1231 3985 secundo
1263 3923 1378 3986 citatus
1410 3944 1477 3986 non

214 4030 413 4113 comparuit.

320 4136 398 4198 Item
423 4136 589 4198 Emericus
613 4150 723 4199 contra
741 4137 921 4199 Iohannem
939 4137 1043 4215 primo
1065 4138 1180 4200 citatus
1196 4156 1263 4199 non
1287 4139 1481 4219 comparuit.

321 4242 399 4303 Item
424 4261 517 4303 causa
542 4241 697 4304 Iohannis
729 4243 826 4305 Liber
851 4256 881 4304 et
914 4243 1023 4305 relicte
1049 4243 1228 4306 Sabastiaui
1261 4257 1308 4305 est
1331 4263 1388 4326 per
1421 4245 1482 4306 Mi·

214 4347 338 4409 clinum
365 4361 395 4409 et
419 4347 636 4429 DragozIaum
660 4347 699 4409 ad
725 4363 798 4411 octo
822 4349 890 4412 dies
913 4363 1039 4432 recepta
1064 4349 1105 4411 ad
1127 4369 1250 4433 pacem.

319 4453 397 4515 Item
422 4453 568 4515 Andreas
584 4467 693 4516 contra
719 4454 882 4518 Thomam
899 4454 1097 4518 aurifabrum
1114 4455 1256 4519 secundo
1273 4457 1389 4519 citatus
1413 4476 1480 4519 non

212 4559 402 4641 comparuit.

320 4667 398 4728 Item
422 4684 516 4727 causa
546 4665 654 4727 Mathe
686 4666 798 4729 decani
831 4682 862 4730 et
894 4670 1056 4732 Pauerlini
1081 4685 1127 4732 est
1157 4689 1214 4752 per
1238 4668 1411 4731 Miclinum
1436 4669 1478 4731 ad

212 4785 285 4834 octo
310 4772 378 4834 dies
402 4786 526 4854 recepta
551 4773 591 4834 ad
616 4792 739 4855 pacem.
