3404 5362
657 109 744 166 Anno
762 104 856 183 1386.
882 141 923 151 —
948 103 979 167 8.
996 109 1088 184 junii.
1460 127 1519 189 255

357 321 438 383 Item
464 340 559 383 causa
584 320 668 381 Petri
701 320 791 401 longi
817 332 928 380 contra
960 318 1156 381 HermanIch
1188 319 1228 380 ad
1260 334 1412 382 octavum
1435 321 1521 382 diem

258 427 292 488 ad
317 446 432 509 pacem
457 440 505 488 est
528 438 665 509 recepta.

356 532 438 594 Item
463 552 556 593 causa
575 532 701 594 NIcolai
718 545 828 593 contra
852 530 998 613 Mathyas
1015 531 1054 592 ad
1073 546 1222 592 octavum
1239 530 1326 592 diem
1351 531 1390 592 ad
1409 550 1519 612 pacem

256 655 298 703 est
322 653 462 721 recepta.

357 747 438 809 Item
463 744 610 807 Ceuetko
634 758 744 806 contra
769 745 899 806 Petrum
929 745 1033 827 primo
1059 745 1172 806 citatus
1196 763 1260 804 non
1286 744 1476 825 comparuit.

355 852 437 915 Item
455 850 568 933 Cygan
594 863 705 911 contra
729 848 910 912 Iohannem
935 864 1048 912 octavo
1073 851 1125 911 die
1151 849 1369 931 respondebit.

358 958 438 1020 Item
460 976 554 1018 causa
571 956 699 1018 Mezera
716 970 826 1018 contra
845 956 930 1018 Iwan
948 957 987 1018 nd
1005 970 1155 1018 octavum
1172 956 1258 1017 diem
1276 971 1323 1018 est
1339 970 1521 1039 prorogata.

358 1063 438 1125 Item
464 1062 578 1145 Cygnn
604 1076 636 1124 et
659 1062 767 1125 Endre
792 1063 858 1146 Syb
882 1077 994 1124 eontra
1024 1062 1218 1143 Gregoriunr
1251 1062 1386 1124 voschar
1416 1063 1521 1145 prImo

228 1170 338 1233 citati
364 1189 432 1232 non
457 1182 717 1250 comparuerunt.

358 1275 439 1336 Item
473 1274 632 1355 Georgius
665 1274 830 1356 Popouich
863 1289 973 1337 contra
1006 1275 1142 1336 Paulum
1173 1275 1279 1356 prImo
1311 1274 1424 1336 citatus
1456 1293 1520 1335 non

219 1381 445 1464 comparuit.

357 1487 438 1549 Item
463 1487 571 1549 Endre
590 1487 646 1548 sib
670 1501 780 1549 contra
804 1487 976 1549 Nicolaum
994 1488 1099 1570 prImo
1117 1489 1230 1550 citatus
1247 1507 1312 1549 non
1332 1487 1520 1568 comparuit.

359 1593 439 1655 Item
461 1614 556 1675 super
580 1607 702 1675 quanto
725 1592 886 1675 Georgius
917 1594 1157 1656 molendinator
1188 1595 1306 1675 jurabit
1330 1607 1444 1655 octavo
1469 1594 1521 1656 die

217 1715 413 1784 quantum
437 1700 519 1762 asini
535 1700 583 1762 sui
601 1700 739 1779 valeant,
757 1699 817 1761 hoc
837 1699 995 1762 Janchech
1013 1701 1254 1762 molendinator
1270 1700 1396 1762 solvere
1414 1699 1520 1763 debet.

359 1805 437 1867 Item
464 1804 647 1889 Stephanus
670 1804 755 1867 filius
778 1807 880 1867 Kursa
906 1820 1019 1867 octavo
1045 1806 1097 1868 die
1113 1807 1349 1889 quinquaginta
1374 1805 1521 1867 homines

213 1912 414 1975 adducere
439 1913 536 1975 debet
559 1925 679 1974 etcum
706 1913 817 1993 viginti
836 1913 980 1994 quinque
997 1912 1101 1993 jurare
1126 1913 1222 1974 debet
1245 1933 1340 1995 super
1365 1932 1414 1990 eo,
1432 1913 1521 1992 quod

210 2015 316 2102 ipse
343 2019 376 2079 in
402 2017 629 2080 interfeccione
655 2018 739 2081 Petri
766 2018 822 2080 filii
848 2019 1004 2080 Iohannis
1028 2020 1183 2081 innocens
1207 2034 1297 2082 esset.

358 2124 437 2186 Item
461 2124 549 2206 quod
575 2125 650 2206 quia
675 2124 860 2186 Anthonius
883 2124 968 2186 filius
1001 2127 1100 2187 Renis
1124 2145 1197 2187 cum
1222 2128 1309 2187 bono
1334 2124 1520 2187 testImonio

220 2228 277 2292 id
306 2231 545 2312 comprobavit,
569 2244 605 2292 ut
629 2229 791 2292 Iohannes
816 2231 915 2292 Pazar
939 2232 999 2292 sibi
1016 2251 1070 2292 sex
1095 2252 1209 2314 pensas
1234 2232 1441 2294 denariorum
1466 2229 1520 2291 de·

219 2334 323 2399 beat
347 2336 485 2415 solvere,
510 2337 585 2398 ideo
609 2337 738 2398 easdem
763 2357 865 2418 usque
890 2338 1070 2419 qulndenas
1097 2339 1218 2415 solvat3
1244 2339 1310 2421 ipse
1335 2350 1441 2399 autem
1467 2337 1521 2398 Jo-

223 2439 374 2505 hannes
398 2442 518 2504 dictam
542 2462 672 2504 causam
696 2443 736 2504 ad
760 2445 910 2525 antIquos
934 2443 1056 2524 judices
1080 2445 1264 2528 appellavit.

359 2548 437 2611 Item
462 2549 551 2630 quod
576 2550 652 2630 quia
676 2548 860 2611 Anthonius
885 2564 995 2612 contra
1013 2550 1198 2634 Philippum
1222 2564 1317 2613 testes
1342 2550 1520 2633 producere

229 2655 373 2716 debens
397 2674 464 2715 non
489 2654 651 2737 produxit,
676 2656 750 2716 ideo
782 2675 910 2717 causam
935 2657 1092 2738 perdidit;
1125 2658 1193 2739 ipse
1218 2672 1327 2721 autem
1353 2657 1521 2740 Philippus

223 2762 384 2823 clomum
408 2781 464 2822 seu
489 2759 627 2823 lundum
652 2762 802 2824 obtinuit.

414 2996 511 3070 Feria
540 3009 639 3070 sexta
666 3003 821 3088 proxima
849 3008 927 3072 ante
955 3000 1079 3071 festum
1105 3001 1351 3072 Pentechostes.

805 3149 849 3228 (8.
862 3153 967 3229 junia).

357 3290 436 3352 Item
469 3312 565 3354 causa
598 3292 725 3354 Lucasii
757 3291 926 3376 freniparis
957 3307 1066 3357 contra
1092 3294 1271 3376 Georgium
1304 3311 1446 3358 sutorem
1479 3297 1519 3358 ad

243 3411 402 3459 octavum
425 3398 511 3461 diem
537 3399 576 3461 ad
601 3419 714 3482 pacem
738 3413 786 3461 est
809 3414 946 3483 recepta.

357 3504 435 3566 Item
461 3504 624 3568 Iohannes
647 3504 733 3567 filius
757 3506 867 3567 militis
900 3521 1009 3568 contra
1033 3508 1169 3569 Paulum
1195 3509 1390 3571 MerichIcha
1414 3510 1518 3591 prImo

246 3609 365 3672 citatus
389 3629 454 3672 non
480 3612 670 3694 comparuit.

358 3715 437 3778 Item
461 3717 574 3779 Petrus
597 3733 707 3781 contra
732 3720 856 3802 Ciphus
879 3720 985 3801 primo
1013 3721 1126 3781 citatus
1150 3740 1215 3782 non
1241 3722 1430 3804 comparuit.

359 3820 436 3883 Item
461 3822 597 3905 Egidius
620 3826 769 3886 sacerdos
800 3839 831 3887 et
855 3825 1017 3887 lohannes
1049 3826 1192 3889 literatus
1216 3842 1325 3888 contra
1351 3828 1519 3889 dominam

254 3945 380 3988 socrum
405 3926 560 3990 Iohannis
583 3930 682 3991 Vnsas
705 3931 847 3993 secundo
871 3931 957 3993 citati
983 3950 1047 3992 non
1073 3946 1332 4014 comparuerunt.

355 4033 434 4095 Item
460 4035 618 4096 Martinus
642 4050 752 4098 contra
777 4037 861 4098 Iwan
887 4037 992 4119 primo
1017 4037 1130 4098 citatus
1154 4058 1219 4099 non
1245 4039 1435 4121 comparuit.

358 4137 435 4200 Item
461 4159 555 4201 causa
573 4141 728 4203 Iohannis
744 4157 853 4204 contra
872 4143 985 4224 Cygan
1003 4143 1043 4203 ad
1060 4158 1209 4205 octavum
1235 4144 1320 4206 diem
1346 4144 1385 4206 ad
1405 4166 1518 4228 pacem
1604 4225 1608 4232 μ

257 4256 301 4304 est
323 4259 461 4327 recepta.

357 4348 436 4412 Item
465 4351 646 4434 Stephanus
678 4353 822 4438 Herrych
847 4371 956 4419 contra
989 4357 1096 4419 Bartol
1129 4357 1271 4419 secundo
1305 4359 1421 4419 citatus
1453 4378 1519 4420 non

259 4457 441 4537 comparuit.

355 4560 433 4625 Item
447 4564 603 4627 Nicolaus
615 4565 700 4628 filius
710 4567 856 4630 Matheus
867 4583 975 4630 contra
986 4569 1094 4631 Bartol
1105 4583 1219 4632 octavo
1234 4572 1286 4633 die
1299 4573 1518 4654 respondebit.
