3404 5362
626 346 713 404 Anno
736 341 826 422 1376.
850 379 893 389 -
916 359 968 421 29.
985 347 1068 422 julii.
1444 367 1478 425 51

324 557 403 620 Item
429 576 524 619 causa
548 557 661 619 Zerlrle
693 558 839 620 mulieris
869 569 900 618 et
928 555 1061 638 Georgii
1092 555 1148 617 filii
1176 555 1328 638 Stephani
1356 570 1403 619 est
1427 577 1484 640 per

219 661 387 726 Chernech
411 681 546 744 parvum
570 662 611 722 ad
633 675 706 724 octo
731 662 799 725 dies
822 675 949 744 recepta
976 661 1017 723 ad
1040 680 1162 744 pacem.

323 768 402 829 ltem
426 767 586 829 lanchech
610 766 770 830 aurifaber
793 782 904 830 contra
926 767 1129 829 Anthonium
1153 766 1277 830 Jursich
1301 768 1406 851 primo
1439 768 1483 831 ci·

215 888 299 937 tatus
328 893 394 936 non
426 874 616 956 comparuit.

324 982 402 1043 ltem
435 1001 529 1042 causa
560 980 735 1044 Alexandri
767 993 799 1042 et
831 980 907 1043 Sara
946 993 993 1041 est
1024 999 1081 1062 per
1112 979 1275 1063 Philipum
1308 980 1412 1043 Mauri
1444 981 1484 1043 ad

216 1088 360 1169 primum
384 1086 541 1167 judicium
565 1101 638 1168 post
660 1087 836 1149 adventum
860 1086 961 1168 ipsius
985 1086 1160 1148 Alexandri
1184 1100 1367 1169 prorogata.

324 1191 403 1254 ltem
428 1211 524 1254 causa
548 1193 640 1253 Pauli
672 1193 781 1275 Kypar
805 1205 837 1254 et
867 1192 994 1255 Nicolai
1018 1192 1182 1254 castellani
1214 1206 1260 1254 est
1283 1213 1339 1275 per
1365 1193 1484 1255 Mauri-

217 1299 303 1359 cium
329 1310 360 1359 et
384 1297 585 1359 Anthonium
611 1297 651 1359 ad
676 1312 749 1360 octo
772 1298 841 1360 dies
864 1311 991 1380 recepta
1014 1298 1055 1360 ad
1079 1318 1203 1380 pacem.

324 1402 404 1465 ltem
429 1423 524 1465 causa
549 1404 648 1465 Marci
667 1403 788 1467 Gemez
813 1417 844 1467 et
861 1403 994 1485 Georgii
1011 1419 1057 1467 est
1081 1424 1137 1487 per
1154 1404 1349 1487 Gregorium
1366 1404 1484 1486 Angeli

212 1509 254 1571 ad
279 1523 355 1572 octo
380 1510 449 1571 dies
474 1523 600 1592 recepta
625 1510 665 1571 ad
689 1530 812 1593 pacem.

323 1616 402 1677 ltem
427 1635 521 1677 causa
546 1616 655 1678 Mathe
679 1617 796 1679 sutoris
819 1631 930 1680 contra
953 1617 1155 1680 Anthonium
1180 1617 1314 1696 Jursich‚
1341 1617 1426 1679 Luca
1451 1630 1483 1679 et

218 1723 435 1784 Laurencium
452 1721 591 1803 juratum
612 1735 659 1784 est
675 1742 732 1805 per
747 1724 919 1785 Nicolaum
937 1724 1075 1786 condam
1091 1723 1230 1805 judicem
1248 1737 1279 1787 et
1296 1724 1483 1806 magistrum

211 1829 361 1891 Francha
384 1828 425 1890 ad
449 1842 523 1891 octo
548 1828 616 1890 dies
640 1844 766 1912 recepta
790 1830 830 1890 ad
854 1850 977 1913 pacem.

321 1935 400 1996 ltem
423 1955 517 1997 causa
542 1934 692 2017 Gregorii
708 1956 820 1998 voscar
844 1951 875 1999 et
897 1937 1025 2000 Thome
1043 1950 1088 1998 est
1111 1957 1168 2020 per
1191 1937 1362 1998 Nicolaum
1380 1935 1482 1999 fllium

215 2041 343 2104 Nicolai
368 2041 408 2103 ad
433 2037 506 2104 octo
531 2042 599 2103 dies
623 2055 749 2125 recepta
771 2044 812 2105 ad
836 2063 960 2125 pacem.

323 2148 1484 2231 ltemSibichcontralohannemautoremprimocitatusnoncomparuit.

324 2253 403 2316 ltem
434 2254 565 2316 domina
588 2256 712 2337 Regina
734 2257 766 2317 in
792 2256 965 2337 quindenis
989 2255 1097 2316 lwano
1128 2254 1195 2316 lilio
1221 2255 1356 2316 Berizlai
1382 2274 1483 2317 uuum

215 2362 361 2423 mensale
379 2380 532 2442 magnum
555 2363 718 2424 exsolvere
744 2362 848 2426 debet.

323 2466 401 2529 ltem
427 2487 521 2528 causa
544 2467 690 2550 Vydonis
722 2483 753 2530 et
777 2468 956 2531 Clementis
980 2483 1027 2530 est
1058 2488 1114 2550 per
1140 2467 1278 2551 Mykech
1302 2468 1482 2530 institorem

211 2587 248 2635 et
273 2573 454 2635 lohannem
480 2573 582 2636 filium
608 2575 692 2636 Petri
717 2575 757 2637 ad
781 2589 854 2638 octo
879 2576 947 2637 dies
971 2588 1097 2657 recepta
1121 2575 1160 2636 ad
1186 2593 1309 2656 pacem.

324 2680 402 2743 ltem
428 2679 582 2764 Gyurgelc
606 2681 737 2763 jobagio
762 2682 918 2744 Anthonii
952 2682 1054 2744 Reniz
1087 2681 1194 2743 lwano
1219 2681 1420 2744 Chudauech
1452 2681 1485 2743 in

210 2786 391 2868 quindenis
414 2807 532 2848 novem
556 2808 671 2870 pensas
694 2788 901 2850 denariorum
925 2788 1049 2850 solvere
1071 2787 1176 2850 debet.

326 2893 403 2954 ltem
441 2913 535 2955 causa
568 2895 725 2956 Anthonii
758 2895 882 2957 Jursich
914 2909 944 2956 et
976 2894 1085 2956 lacobi
1117 2894 1196 2956 bole
1229 2893 1339 2955 estad
1372 2892 1484 2955 feriam

210 3013 341 3061 sextam
364 3020 451 3062 nunc
475 3001 646 3063 instantem
670 3021 727 3084 per
750 3001 890 3083 judicem
915 3015 945 3063 et
968 3001 1088 3083 juratos
1111 3013 1293 3082 prorogata.

293 3234 389 3310 feria
419 3240 526 3310 tercia
554 3242 710 3328 proxima
737 3252 814 3330 post
841 3241 965 3312 festum
993 3239 1082 3312 beati
1110 3239 1228 3329 Jacobi
1258 3239 1414 3328 apostoli.

757 3393 823 3470 (29.
839 3393 935 3471 julii).

328 3531 405 3593 ltem
438 3532 589 3613 magister
621 3533 764 3595 Francha
803 3534 963 3597 aurifaber
995 3547 1027 3596 et
1058 3532 1211 3617 Gyurgelr
1242 3531 1327 3595 filius
1359 3532 1486 3595 Nicolai

219 3650 331 3699 contra
356 3636 555 3720 Stephanum
580 3637 683 3701 filium
707 3640 826 3702 Rodini
850 3642 956 3723 primo
980 3640 1066 3702 citati
1091 3659 1156 3701 non
1180 3652 1439 3721 comparuerunt.

327 3743 405 3804 ltem
438 3744 580 3827 Baptista
619 3760 730 3807 contra
760 3747 931 3809 Nicolaum
967 3747 1107 3828 juratum
1140 3746 1246 3828 primo
1278 3745 1391 3807 citatus
1420 3765 1487 3808 non

224 3849 413 3932 comparuit.

327 3956 406 4018 ltem
430 3954 489 4017 filii
513 3955 640 4019 Crisani
665 3957 796 4020 domine
813 3958 934 4022 Dicaue
958 3973 1072 4022 octavo
1097 3958 1149 4020 die
1165 3957 1237 4020 XVl
1264 3956 1333 4019 flor.
1359 3969 1390 4019 et
1406 3958 1488 4020 duos

228 4059 334 4142 ciphos
358 4075 527 4143 argenteos
551 4064 715 4126 exsolvere
739 4065 858 4127 debent
879 4065 1022 4128 indilate.

331 4167 411 4229 ltem
435 4168 592 4231 Martinus
608 4170 778 4252 Zequirich
803 4186 912 4234 contra
929 4172 1148 4253 Dragozlaum
1164 4169 1269 4252 primo
1286 4168 1399 4231 citatus
1423 4189 1488 4231 non

234 4274 416 4355 comparuit.

331 4380 412 4442 ltem
436 4380 551 4444 Tadeo
574 4396 684 4445 contra
700 4383 901 4446 Anthonium
920 4386 1021 4446 Reniz
1045 4385 1150 4467 primo
1175 4382 1288 4444 citatus
1312 4401 1378 4443 noa
1402 4401 1489 4443 com-

236 4487 340 4563 paruit.

328 4592 406 4655 ltem
432 4613 524 4656 causa
559 4595 714 4659 lobannis
743 4599 839 4660 Liber
863 4611 893 4661 et
924 4597 1079 4660 iohannis
1102 4594 1159 4658 filii
1194 4594 1340 4655 Domlrus
1364 4606 1411 4655 est
1434 4614 1491 4677 per

233 4694 368 4762 francho
392 4699 589 4763 aurifabrum
614 4717 644 4764 et
667 4705 835 4767 Marenum
853 4705 893 4766 ad
917 4717 990 4767 octo
1014 4704 1082 4764 dies
1106 4715 1231 4782 recepta
1256 4698 1295 4761 ad
1320 4718 1444 4781 pacem.

329 4805 408 4868 ltem
435 4805 611 4889 Gregorius
641 4825 751 4873 contra
774 4810 915 4873 lwanam
946 4811 1115 4872 mulierem
1140 4808 1244 4890 primo
1278 4805 1392 4867 citatus
1424 4826 1489 4869 non

229 4912 412 4995 comparuit.
1373 4909 1386 4940 *
