3404 5362
487 311 688 404 Anno1378.
711 361 755 371 -
771 340 807 404 3.
830 328 1001 399 septembris.
1320 348 1379 410 149

121 433 374 441 ..----

219 537 296 600 ltem
318 537 395 619 quia
421 537 575 599 Nicolaus
598 536 722 600 Odolas
746 552 856 600 contra
888 537 1058 600 dominum
1081 538 1254 601 Nicolaum
1278 557 1380 600 sacer·

117 644 232 723 dotem,
259 643 437 725 Georgium
464 643 695 726 calcariparum
720 657 751 705 et
779 643 960 705 iohannem
984 658 1019 706 ut
1041 658 1129 707 actor
1154 646 1291 707 existens
1314 665 1380 708 non

116 751 308 832 comparuit,
343 769 420 832 ergo
459 763 569 812 contra
605 749 783 831 quemlibet
817 750 961 832 ipsorum
996 764 1043 812 est
1078 750 1111 812 in
1142 752 1244 813 tribur
1273 751 1412 834 pensis*

116 857 288 920 convictus.

217 962 295 1025 ltem
320 962 393 1024 Elia
418 977 531 1025 contra
554 960 721 1024 Vrbanum
745 963 887 1024 secundo
915 964 1030 1025 citatus
1053 983 1119 1026 non
1143 965 1337 1047 comparuit.

218 1068 296 1130 ltem
321 1067 475 1130 Nicolaus
500 1082 610 1130 contra
633 1068 854 1130 Alexandrum
878 1082 992 1130 octavo
1016 1068 1068 1130 die
1091 1088 1124 1130 se
1149 1068 1311 1131 secundus
1333 1068 1381 1150 ju·

115 1174 194 1236 rabit
215 1193 312 1257 super
336 1193 387 1252 eo,
412 1174 503 1255 quod
529 1174 596 1256 ipse
620 1173 708 1235 nulla
732 1175 817 1236 bona
842 1174 881 1235 de
906 1194 963 1236 sua
986 1174 1085 1237 domo
1109 1175 1291 1257 recepisset.

219 1299 297 1361 Item
322 1300 435 1361 Petrus
458 1312 569 1361 contra
594 1298 780 1360 Ladislaum
796 1297 936 1380 juratum
954 1312 1067 1361 octavo
1092 1299 1144 1361 die
1160 1299 1381 1383 respondebit.

191 1532 287 1608 Feria
316 1545 415 1608 sexta
444 1537 600 1625 proxima
636 1543 713 1626 post
750 1536 873 1608 festum
901 1538 990 1608 beati
1019 1534 1163 1610 Emerici
1192 1537 1296 1609 dacis.

623 1706 667 1785 (3.
684 1706 869 1783 septembris).

220 1864 328 1926 Primo
351 1864 438 1926 lwan
463 1875 572 1926 contra
597 1864 704 1947 Erney
728 1864 871 1926 secundo
895 1863 1009 1925 citatus
1030 1883 1095 1925 non
1122 1864 1313 1945 comparuit.

218 1969 296 2032 Item
322 1969 470 2053 Mychael
494 1981 607 2032 contra
631 1970 767 2032 luanum
791 1970 932 2032 secundo
960 1970 1073 2031 citatus
1096 1988 1163 2030 non
1190 1970 1380 2051 comparuit.

216 2073 295 2137 Item
327 2096 422 2138 causa
453 2076 583 2138 Andree
616 2077 671 2139 Sib
704 2090 735 2138 et
769 2076 878 2139 Mathe
908 2075 965 2138 filii
990 2075 1116 2138 Crisani
1149 2089 1196 2137 est
1224 2096 1282 2158 per
1306 2075 1381 2138 Cle·

112 2193 252 2244 mentem
277 2196 308 2244 et
332 2182 516 2246 iohannem
539 2182 581 2248 ad
604 2195 677 2245 octo
702 2182 770 2244 dies
794 2196 922 2264 recepta
945 2182 986 2243 ad
1010 2200 1132 2264 pacem.

214 2288 293 2350 ltem
331 2289 455 2351 Kussali
492 2303 602 2351 contra
638 2287 803 2350 Thomam
839 2302 981 2350 sutorem
1023 2287 1129 2369 primo
1165 2287 1280 2349 citatus
1315 2307 1381 2350 non

113 2395 302 2478 comparuit.

220 2500 297 2562 ltem
330 2501 484 2564 Nicolaus
515 2502 674 2581 sacerdos,
707 2500 867 2581 Georgius
898 2513 929 2561 et
956 2499 1040 2562 lwan
1074 2513 1184 2562 contra
1210 2500 1381 2563 Nicolaum

114 2603 236 2668 Odolas
258 2606 365 2689 primo
389 2607 475 2670 citati
500 2627 565 2670 non
591 2620 849 2690 comparuerunt.

217 2712 295 2773 ltem
320 2711 451 2775 Lachko
477 2727 587 2776 contra
611 2713 734 2775 Jelkam
757 2711 900 2795 puellam
925 2730 1020 2772 suum
1036 2724 1071 2773 ut
1094 2711 1207 2774 debuit
1232 2711 1382 2794 deposuit

113 2815 338 2897 juramentum.

216 2924 295 2986 ltem
319 2925 480 2986 Reuarius
505 2924 598 2988 Guch
622 2922 752 3007 pellifici
776 2938 839 2986 tres
858 2943 981 2985 marcas
1004 2923 1212 2985 denariorum
1236 2923 1269 2984 in
1287 2923 1381 3005 quin·

113 3029 202 3091 denis
225 3030 397 3112 persolvet.

217 3135 296 3198 ltem
319 3136 469 3198 Vrbanus
501 3149 610 3198 contra
643 3136 747 3198 Ellam
778 3135 977 3199 aurifabrum
1008 3147 1122 3198 octavo
1153 3134 1206 3197 die
1234 3135 1383 3197 atestabit

112 3260 166 3323 per
189 3241 332 3303 Brumen
356 3256 388 3304 et
414 3241 569 3304 Cosmam
593 3242 791 3304 aurifabrum
814 3262 910 3325 super
933 3261 997 3303 una
1020 3240 1168 3305 clamide.

219 3364 299 3426 Item
309 3366 458 3448 Mychael
469 3367 628 3450 Damyani
638 3380 747 3429 contra
759 3365 958 3448 Stephanum
973 3380 1087 3428 octavo
1097 3365 1149 3427 die
1163 3364 1380 3447 respondebit.

217 3472 295 3534 ltem
321 3472 504 3555 Stephanus
528 3472 673 3535 Pundich
705 3492 763 3556 per
786 3471 969 3555 Habouych
993 3485 1023 3534 et
1048 3470 1226 3553 Georgium
1251 3470 1380 3533 calcari·

112 3596 224 3659 parum
249 3579 404 3641 atestavit.

217 3683 295 3746 item
310 3684 487 3766 Gregorius
501 3704 614 3747 voscar
626 3698 735 3746 contra
750 3683 946 3746 Hanslinum
962 3698 1077 3746 octavo
1090 3684 1142 3746 die
1157 3684 1377 3766 respondebit.

218 3791 296 3853 ltem
323 3791 500 3873 Gregorius
524 3805 633 3853 contra
659 3790 837 3871 Georgium
860 3804 975 3853 octavo
1000 3790 1052 3853 die
1077 3791 1295 3873 respondebit.

217 3896 295 3959 item
320 3897 501 3979 Stephanus
525 3896 691 3960 Anthonio
716 3897 829 3979 Renyz
868 3896 1112 3977 quatuordecim
1136 3916 1258 3959 marcas
1282 3896 1381 3959 dena·

112 4002 233 4065 riorum
259 4003 291 4064 iu
316 4003 490 4084 quindenis
513 4003 682 4086 persolvet.

216 4108 296 4171 ltem
321 4128 417 4170 causa
441 4109 571 4171 Andree
595 4124 626 4172 et
650 4109 733 4170 Petri
757 4109 1025 4172 molendinatoris
1057 4123 1103 4172 est
1127 4128 1183 4191 per
1209 4112 1379 4172 Marenum

113 4213 150 4275 ad
174 4229 249 4277 octo
274 4214 343 4276 dies
367 4228 494 4299 recepta
518 4215 558 4277 ad
583 4235 705 4299 pacem.

217 4321 295 4384 Item
321 4341 415 4384 causa
440 4322 563 4384 Mareni
588 4336 619 4384 et
642 4321 757 4383 ancille
782 4322 910 4383 Andree
931 4335 978 4384 est
1001 4341 1058 4404 per
1081 4322 1222 4403 judicem
1246 4321 1286 4383 ad
1303 4332 1377 4383 octo

115 4425 181 4489 dies
205 4442 378 4510 prorogata
401 4441 532 4510 propter
554 4448 644 4490 suam
669 4428 880 4505 debilitatem,
907 4428 1057 4492 videlicet
1080 4429 1179 4510 ipsius
1203 4428 1330 4491 ancille.

216 4550 296 4613 Item
306 4552 465 4613 Renarius
475 4566 585 4614 contra
595 4551 798 4614 Anthonium
811 4552 950 4633 juratum
965 4568 1078 4615 octavo
1092 4553 1143 4614 die
1157 4551 1376 4635 respondebit.

216 4656 296 4719 ltem
321 4656 481 4720 iwaninus
505 4678 561 4742 per
585 4658 690 4720 Elium
714 4679 849 4741 parvum
874 4673 905 4721 et
934 4659 1063 4722 Petrum
1088 4673 1202 4721 octavo
1236 4658 1288 4720 die
1313 4672 1378 4720 ate·

114 4763 204 4826 stabit
229 4765 318 4846 quod
345 4764 517 4827 chuethko
542 4785 636 4827 suum
661 4765 787 4827 milium
813 4766 983 4849 depascere
1008 4764 1142 4828 iecisset.
