3404 5362
218 440 277 501 116
616 435 819 515 Anno1378.
845 469 886 481 -
909 452 938 498 2.
963 437 1077 511 apsilis.

321 650 399 712 Item
432 648 595 711 lohannes
627 661 658 710 et
691 647 888 708 Laurentius
918 661 1028 709 contra
1056 645 1134 709 luan
1165 648 1272 730 primo
1296 649 1384 711 citati
1417 669 1483 712 non

214 769 472 838 comparuerunt.

320 862 400 924 Item
425 862 548 939 Marko,
578 857 697 938 Mathe,
730 857 922 941 Stephanus,
955 859 1134 941 Philippus,
1168 858 1331 921 lohannes
1354 874 1387 923 et
1417 865 1485 922 An-

214 967 307 1030 dreas
331 981 442 1029 contra
466 967 595 1028 Petrum
620 961 813 1047 Pra(u)dych
837 963 943 1046 primo
967 963 1053 1025 citati
1081 982 1148 1025 non
1175 979 1437 1047 comparuerunt

319 1072 397 1135 ltem
422 1073 559 1135 lacobus
583 1068 712 1154 pellifex
737 1089 840 1152 usque
864 1067 977 1132 feriam
993 1069 1125 1131 terciam
1149 1089 1222 1132 cum
1247 1070 1381 1134 domina
1399 1072 1484 1134 Mar·

214 1179 345 1260 garetha
368 1179 478 1241 relicta
503 1176 681 1240 Sebastiani
697 1195 793 1259 super
812 1175 904 1238 XXV
920 1173 990 1237 flor.
1015 1175 1179 1237 racionem
1199 1195 1321 1257 ponere
1338 1177 1480 1242 debebit.

321 1282 398 1346 ltem
422 1304 516 1346 causa
541 1281 670 1345 Gerdak
701 1297 732 1344 et
755 1281 896 1365 Philippi
931 1293 978 1343 est
1007 1299 1066 1362 per
1097 1281 1254 1344 lacobum
1277 1296 1309 1345 et
1332 1282 1410 1345 luan
1443 1283 1484 1346 ad

215 1404 288 1453 octo
313 1390 381 1451 dies
405 1404 532 1472 recepta
555 1388 596 1450 ad
619 1407 742 1470 pacem.

320 1496 399 1559 ltem
425 1494 606 1578 Stephanus
630 1494 729 1556 Veres
760 1510 870 1557 contra
903 1494 1098 1578 Gregorium
1129 1511 1284 1559 sartorem
1309 1494 1416 1576 primo
1440 1497 1484 1557 ci·

214 1616 298 1665 tatus
322 1622 387 1664 non
413 1601 603 1684 comparuit.

320 1709 399 1772 ltem
416 1727 510 1770 causa
534 1707 670 1785 Miclini,
695 1705 828 1787 Georgii
842 1721 873 1770 et
889 1708 1045 1771 Anthonii
1070 1709 1248 1790 juratorum
1272 1722 1384 1773 contra
1403 1710 1484 1774 Gre-

214 1815 342 1897 gotium
366 1828 519 1876 sartorem
544 1827 590 1875 est
614 1832 671 1894 per
695 1813 863 1874 Marenum
881 1812 922 1875 ad
946 1828 1019 1877 octo
1044 1815 1113 1877 dies
1129 1814 1280 1897 (recepta)
1296 1815 1338 1878 ad
1355 1836 1481 1898 pacem.

322 1920 400 1983 ltem
423 1918 585 1981 lohannes
604 1932 706 1980 sartor
730 1932 840 1981 contra
857 1918 1061 1984 Clementem
1085 1920 1212 1984 labrum
1236 1921 1342 1995 primo
1366 1922 1485 1986 citatus

216 2047 280 2089 non
306 2027 495 2109 comparuit.

322 2133 399 2195 ltem
431 2131 594 2213 quendam
624 2131 750 2192 vineam
783 2130 938 2213 Stephani
969 2146 1000 2194 et
1036 2132 1175 2195 condam
1207 2133 1371 2196 Valentini
1404 2134 1483 2197 dicti

215 2237 360 2301 Bouthos
384 2238 489 2300 eidem
507 2236 670 2319 Stephano
688 2250 719 2299 et
731 2236 870 2298 lohanni
886 2237 1025 2317 literato,
1042 2238 1092 2299 cui
1110 2238 1211 2321 ipsam
1229 2239 1376 2301 vendidit
1392 2239 1481 2302 idem

217 2344 408 2428 Stephanus,
420 2357 575 2426 perpetuo
588 2341 843 2423 adjudicavimus
854 2341 1100 2425 possidendam
1114 2344 1215 2426 ipsam
1229 2359 1338 2407 autem
1351 2365 1484 2408 causam

216 2450 399 2513 Anthonius
423 2449 526 2510 Reniz
549 2448 589 2510 ad
613 2448 763 2529 antiquos
786 2447 907 2529 judices
931 2449 1115 2532 appellavit.

323 2556 402 2618 Item
426 2554 505 2615 Pasa
529 2567 639 2615 contra
664 2553 828 2616 Geninum
853 2566 967 2616 octavo
992 2555 1044 2617 die
1068 2556 1287 2638 respondebit.

322 2662 401 2724 ltem
425 2660 572 2723 Thomas
604 2673 635 2722 et
666 2659 850 2721 Anthonius
880 2674 989 2722 contra
1014 2661 1211 2724 Peterlinum
1243 2663 1387 2725 secundo
1416 2683 1485 2726 uon

216 2780 476 2851 comparuerunt.

322 2874 401 2936 ltem
425 2871 577 2934 Nicolaus
595 2884 703 2933 contra
721 2872 897 2935 Renarium
914 2874 1058 2936 secundo
1075 2875 1190 2937 citatus
1205 2895 1272 2938 non
1289 2878 1484 2959 comparuit.

324 2979 402 3041 ltem
426 2997 519 3040 causa
545 2978 643 3039 Marci
668 2991 699 3041 et
722 2978 806 3040 Petri
835 2994 881 3041 est
911 2999 967 3061 per
993 2978 1197 3043 Clementem
1221 2996 1253 3044 et
1277 2982 1485 3046 Anthonium

216 3086 351 3148 Truden
375 3085 416 3146 ad
440 3099 513 3146 octo
538 3084 606 3145 dies
628 3098 755 3166 recepta
779 3085 819 3145 ad
844 3104 966 3167 pacem.

323 3190 401 3254 ltem
426 3190 579 3254 Clemens
603 3205 691 3252 sutor
723 3204 833 3252 contra
865 3191 1035 3253 dominum
1068 3193 1213 3255 Priorem
1236 3194 1342 3276 primo
1370 3195 1487 3258 citatus

217 3319 282 3361 non
311 3297 500 3379 comparuit.

323 3404 400 3465 ltem
426 3402 582 3464 Martinus
613 3403 830 3484 carpentarius
860 3417 970 3466 contra
993 3403 1214 3467 Alexandrum
1238 3420 1271 3469 et
1303 3406 1410 3469 Eliam
1434 3428 1487 3471 se·

217 3510 324 3573 cundo
348 3510 462 3571 citatus
486 3527 550 3569 non
576 3508 765 3590 comparuit.

323 3613 401 3677 ltem
425 3613 542 3696 (causa)
566 3612 732 3676 familiaris
762 3614 886 3676 domini
918 3615 1071 3678 Custodis
1097 3631 1208 3681 contra
1233 3618 1340 3680 Eliam
1372 3633 1421 3681 est
1444 3619 1485 3682 ad

216 3739 328 3803 pacem
352 3740 409 3802 per
432 3720 588 3782 Jacobum
612 3719 691 3782 Bole
716 3733 747 3781 et
771 3721 963 3784 Mauricium
987 3737 1124 3805 recepta.

322 3827 400 3889 ltem
418 3826 597 3905 Elizabeth,
629 3827 741 3889 Petrus
776 3841 876 3890 sartor
907 3842 939 3891 et
970 3829 1151 3912 Stephanus
1183 3829 1273 3894 faber
1296 3851 1362 3893 non
1395 3851 1485 3895 com·

217 3947 402 4017 paruerunt.

323 4038 401 4101 ltem
427 4036 603 4120 Gregorius
626 4052 736 4099 contra
761 4039 867 4101 Eliam
891 4040 995 4123 primo
1019 4041 1132 4103 citatus
1156 4061 1222 4104 non
1247 4045 1440 4125 comparuit.

325 4145 405 4208 ltem
430 4145 517 4206 Luca
541 4158 650 4207 contra
674 4145 810 4207 luanum
841 4146 983 4209 secundo
1015 4147 1128 4210 citatus
1151 4169 1216 4211 non
1248 4153 1432 4234 comparuit
1455 4167 1487 4215 et

217 4251 269 4313 die
294 4265 410 4313 octavo
435 4249 652 4332 respondebit.

323 4358 401 4418 ltem
426 4357 502 4418 luan
526 4356 653 4440 Cupich
677 4369 708 4418 et
732 4355 892 4439 Georgius
908 4373 1018 4421 contra
1041 4359 1214 4421 Nicolaum
1230 4358 1334 4423 lilium
1358 4361 1485 4427 Crisani

217 4464 360 4526 secundo
384 4463 469 4525 citati
495 4483 561 4525 non
586 4477 848 4545 comparuerunt.

323 4570 400 4631 ltem
434 4588 529 4631 causa
553 4568 718 4632 Benedicti
744 4583 775 4632 et
805 4570 961 4632 lobannis
985 4585 1032 4634 est
1062 4590 1119 4654 per
1143 4570 1356 4635 Benedictum
1382 4572 1484 4636 carni·

218 4673 308 4737 ficem
333 4687 364 4736 et
388 4673 525 4736 Paulum
549 4675 589 4737 ad
613 4690 687 4739 octo
712 4677 780 4737 dies
804 4690 928 4758 recepta
953 4677 993 4738 ad
1018 4697 1140 4761 pacem.

324 4781 401 4843 ltem
426 4782 620 4845 Benedictus
644 4798 755 4845 contra
786 4784 998 4846 Benedictum
1030 4785 1135 4867 primo
1168 4785 1282 4846 citatus
1305 4803 1372 4846 non
1397 4805 1486 4847 com·

218 4900 332 4970 paruit.
