3404 5362
599 376 799 456 Ann01378.
823 412 864 422 -
888 391 939 455 27.
962 380 1077 454 aprilis.

318 594 396 656 Item
423 592 500 654 Iuan
524 591 675 653 Zirothlte
699 610 756 673 per
780 589 982 671 Stephanum
1007 589 1160 653 CrIsoslai
1184 604 1216 653 et
1236 589 1404 653 Andream
1423 590 1481 653 Sib

215 716 326 763 contra
349 698 522 761 Nicolaum
546 697 672 761 Crisani
704 711 777 779 post
807 716 901 758 suum
934 696 1110 759 adventum
1134 698 1239 780 prImo
1271 696 1395 778 judicio
1419 710 1488 758 ate-

213 807 310 869 stabit
333 807 366 868 ln
390 825 441 884 eo,
465 805 553 886 quod
579 805 640 866 sibi
664 803 810 885 quinque
843 823 967 865 marcas
991 803 1197 866 denarIorum
1221 803 1440 885 persolvisset.

320 912 398 975 Item
431 911 594 992 Georgius
625 929 734 972 comes
765 907 844 971 feria
876 909 974 971 tercia
1007 909 1126 990 jurabit
1156 910 1188 972 in
1219 929 1269 989 eo,
1300 909 1391 991 quod
1416 910 1485 992 ipse

212 1019 380 1101 quendam
405 1036 543 1100 puerum
565 1016 724 1079 violenter
747 1035 812 1077 non
837 1016 1017 1098 recepisset.

322 1145 400 1207 Item
425 1142 573 1226 Mychael
597 1142 747 1203 Damiani
765 1141 918 1223 magistro
940 1141 1042 1203 Panlo
1059 1159 1161 1222 usque
1185 1139 1254 1203 dles
1278 1154 1352 1203 octo
1368 1139 1485 1202 fimum

216 1272 311 1314 suum
330 1252 452 1313 bonum
477 1250 552 1310 dare
569 1248 677 1327 debet,
701 1260 733 1310 et
748 1247 902 1310 remansit
919 1247 992 1307 lnX
1011 1247 1126 1308 marcis
1149 1245 1355 1308 denariorum
1373 1260 1485 1308 contra

217 1357 494 1421 communitatem.

325 1462 402 1524 Item
428 1460 630 1542 Margaretha
655 1460 772 1522 mulier
799 1459 876 1520 feria
900 1459 997 1521 tercia
1029 1458 1148 1539 jurabit
1169 1459 1202 1521 ln
1227 1478 1277 1537 eo,
1301 1460 1392 1541 quod
1417 1460 1484 1542 Ipsa

215 1569 276 1631 sibi
302 1568 404 1649 ipsam
421 1568 548 1628 vlneam
574 1586 680 1628 emere
698 1565 795 1627 vellet
817 1579 848 1626 et
871 1565 953 1626 nulli
970 1565 1024 1627 alii
1041 1585 1100 1649 pro
1117 1585 1174 1627 sua
1187 1566 1316 1647 propria
1334 1567 1482 1648 pecunia.

325 1674 403 1736 Item
428 1673 562 1754 Bogdan
587 1686 697 1734 contra
713 1671 929 1734 Laurencium
952 1671 1060 1753 primo
1075 1671 1197 1753 judicio
1222 1671 1439 1754 respondebit.

326 1779 403 1840 Item
436 1777 618 1859 Stephanus
650 1777 738 1839 labet
770 1791 879 1839 contra
911 1777 1021 1839 Alsam
1047 1775 1124 1839 feria
1156 1777 1254 1838 tercia
1284 1778 1403 1859 jurabit
1426 1797 1484 1860 pro

217 1905 283 1947 una
310 1904 416 1946 marca
440 1897 471 1946 et
495 1898 580 1946 extra
604 1884 721 1965 pignus
745 1883 843 1964 ipsius
867 1883 1045 1946 Elizabeth.

324 1991 401 2052 Item
426 1990 511 2050 Iwan
536 1989 687 2050 ZIrothke
712 1988 862 2070 Philippo
895 1987 963 2050 filio
987 1988 1065 2051 fisici
1098 2009 1190 2051 suam
1213 1990 1403 2071 porcionem
1428 1990 1486 2051 do·

217 2116 357 2175 morum,
382 2096 472 2158 uxori
497 2115 553 2157 sue
571 2095 825 2177 provenientem,
842 2095 1117 2177 quandocumque
1135 2095 1274 2157 voluerit
1298 2109 1385 2157 extra
1410 2095 1487 2157 dare

217 2202 349 2266 debebit
373 2204 441 2263 sIne
465 2201 733 2264 contradictione.

324 2310 402 2371 Item
428 2308 589 2390 Georgius
612 2322 722 2369 contra
741 2307 921 2369 Iohannem
946 2308 1052 2390 primo
1076 2307 1198 2388 judicio
1222 2307 1442 2390 respondebit.

325 2435 403 2496 Item
428 2435 502 2514 quia
527 2433 702 2514 Dyonisius
735 2446 846 2494 contra
878 2434 1053 2495 Marttnum
1078 2431 1118 2493 ad
1142 2432 1359 2514 juramentum
1385 2432 1488 2516 depo·

218 2539 361 2601 nendum
388 2552 422 2600 ut
446 2538 608 2599 debuisset
632 2558 695 2599 non
730 2539 817 2599 venit
849 2557 954 2620 neque
987 2538 1084 2616 misit,
1109 2558 1186 2620 ergo
1218 2538 1257 2599 de
1282 2552 1390 2601 cetero
1415 2539 1488 2600 ubi-

218 2663 357 2725 cumque
383 2644 415 2705 in
440 2643 557 2704 nostris
585 2644 702 2705 tenutis
732 2643 941 2725 reprehensus
966 2643 1073 2723 luerit,
1104 2645 1284 2706 secundum
1316 2658 1489 2707 consvetu·

218 2751 329 2813 dioem
353 2749 489 2811 civitatis
512 2749 653 2811 viudicta
678 2749 717 2811 de
742 2750 812 2832 ipso
835 2763 1046 2833 sumpmatur.

324 2874 403 2935 Item
427 2873 581 2935 Nicolaus
605 2872 690 2935 filius
712 2874 839 2937 Nicolai
865 2875 1001 2936 Radeno
1026 2894 1084 2937 suo
1109 2876 1308 2937 mercenario
1334 2875 1366 2937 in
1393 2877 1491 2957 quln-

218 2981 310 3043 denis
333 2994 456 3064 septem
481 3000 596 3062 pensas
620 2980 827 3043 denariorum
852 3001 910 3063 pro
935 2981 1076 3062 quadam
1100 3001 1195 3044 vacca
1220 2982 1392 3062 persolvet.

325 3103 402 3166 Item
428 3104 515 3167 idem
540 3104 693 3166 Nicolaus
717 3104 822 3166 eidem
847 3105 982 3167 Radeno
999 3121 1121 3187 septem
1147 3119 1179 3168 et
1202 3106 1347 3168 mediam
1372 3127 1492 3190 pensas

221 3211 383 3293 persolvet
407 3211 554 3273 similiter
578 3212 610 3272 in
635 3211 817 3292 qulndenis.

324 3316 403 3378 Item
428 3317 625 3379 Wllrouicha
656 3330 765 3379 contra
790 3316 969 3379 Iohannem
1001 3318 1143 3381 secundo
1173 3319 1267 3380 citata
1298 3337 1364 3380 non
1400 3337 1490 3380 com-

219 3421 335 3502 paruit.

326 3529 402 3590 Item
428 3528 544 3612 Gyuan
571 3529 737 3591 Anthonio
755 3530 857 3591 RenIz
882 3543 956 3591 octo
973 3529 1043 3593 flor.
1062 3531 1095 3592 in
1120 3530 1295 3611 quindenis
1313 3531 1490 3613 persolvet.

272 3764 369 3838 FerIa
397 3769 504 3838 tercia
540 3769 695 3856 proxima
723 3773 798 3855 post
825 3767 949 3839 festum
981 3769 1070 3839 beati
1100 3767 1230 3856 Georgii
1268 3771 1436 3841 martiris.

747 3920 810 3998 (27.
835 3922 963 3997 aprilis).

326 4060 435 4121 PrImo
461 4061 524 4122 Res
548 4075 658 4123 contra
683 4059 848 4123 GenInum
873 4061 1012 4140 juratum
1037 4063 1142 4145 prImo
1170 4063 1283 4124 citatus
1307 4081 1373 4123 non
1397 4082 1488 4125 com·

220 4166 336 4248 paruit.

326 4272 405 4334 Item
429 4271 604 4334 Budizlaus
627 4287 737 4334 contra
762 4273 875 4335 Paulas
896 4274 1001 4356 primo
1026 4275 1139 4337 citatus
1163 4294 1229 4337 non
1251 4276 1443 4357 comparuit.

329 4378 407 4441 Item
430 4377 613 4440 Alexander
630 4393 740 4441 contra
758 4379 938 4441 Iohannem
955 4381 1060 4462 primo
1077 4381 1191 4443 citatus
1212 4400 1277 4442 non
1295 4381 1489 4463 comparuit.

326 4502 405 4562 Item
429 4501 574 4563 Jahlinus
598 4503 725 4584 enslpar
749 4518 858 4565 contra
883 4503 1062 4584 Georgium
1091 4503 1219 4566 fabrum
1243 4505 1348 4587 primo
1372 4504 1491 4568 citatus

222 4626 288 4669 non
312 4608 504 4690 comparuit.

328 4713 405 4777 Item
439 4714 621 4796 Stephanus
651 4714 809 4797 joculator
840 4730 950 4778 contra
982 4717 1111 4778 luanam
1144 4718 1250 4798 primo
1283 4716 1398 4778 citatus
1422 4734 1491 4778 non

223 4822 413 4904 comparuit.
