3404 5362
229 358 292 418 300
617 342 702 398 Anno
722 338 814 417 1389.
842 374 880 383 -
906 337 955 402 [ό.
980 342 1097 415 aprilis.

333 549 410 611 Item
435 552 523 633 quod
548 552 624 633 quia
649 550 831 612 Demetrias
848 570 904 633 per
927 564 1022 613 testes
1046 550 1192 614 efficaces
1209 552 1241 613 id
1258 554 1491 635 comprobavit,

227 655 314 737 quod
341 657 446 719 Borka
470 657 587 720 mulier
611 657 716 740 ipsum
740 657 780 718 ad
806 657 1010 720 medietatem
1036 670 1101 719 tam
1125 658 1298 721 domorum
1324 679 1423 740 quarn
1446 661 1489 720 vi·

227 781 359 824 nearum
384 761 424 823 ad
448 783 481 824 se
505 782 691 825 mansurum
717 777 940 846 assumpserat,
958 762 1031 825 ideo
1056 764 1161 825 eidem
1185 765 1350 827 Demetrio
1376 766 1493 828 medie-

226 880 323 928 tatem
350 866 432 929 dicte
457 869 573 930 domus
597 883 628 930 et
650 869 743 930 vinee
767 869 1023 949 adjudicavimus
1047 889 1086 931 eo
1103 871 1214 949 modo,
1239 872 1328 952 quod
1348 872 1415 953 ipse
1434 872 1492 934 De·

225 973 359 1035 mettius
381 993 481 1055 usquc
500 975 598 1036 vitam
616 975 715 1057 ipsius
729 975 834 1036 Barka
851 975 970 1037 dictam
987 975 1122 1037 domum
1140 976 1277 1040 vendere
1296 997 1362 1039 non
1381 979 1491 1060 possit,

225 1080 280 1141 sed
305 1080 431 1141 vIneam
449 1082 544 1143 ambe
561 1095 665 1163 partes
688 1081 826 1142 vendere
843 1096 991 1163 possent;
1009 1081 1069 1143 hoc
1093 1082 1195 1144 eciam
1212 1082 1387 1162 declarato,
1404 1084 1491 1165 quod

226 1186 311 1247 idem
337 1187 518 1249 Demetrius
551 1187 669 1250 dictam
702 1188 841 1249 BorIcam
874 1203 1040 1270 tamquam
1068 1208 1158 1250 suam
1191 1202 1325 1250 matrem
1352 1190 1385 1251 in
1411 1191 1492 1253 dicta

225 1292 324 1355 domo
349 1293 480 1376 pacifice
505 1314 692 1356 conservare
717 1294 842 1357 debeat.

332 1399 408 1461 Item
435 1401 509 1482 quia
534 1400 719 1463 Anthonius
743 1400 920 1462 Cordarich
952 1419 1086 1462 uxorem
1110 1401 1209 1463 Marci
1242 1403 1433 1484 carpentarii
1458 1402 1489 1463 in

226 1504 300 1565 sede
325 1520 432 1568 nostra
465 1505 631 1587 judicIaria
665 1506 875 1588 vituperavit,
908 1506 981 1568 ideo
1014 1507 1120 1568 eidem
1153 1507 1321 1569 Elisabeth
1345 1522 1394 1569 est
1417 1527 1491 1569 con·

224 1612 326 1672 victus
350 1613 382 1673 in
415 1627 553 1695 quatuor
584 1612 709 1692 marcis,
742 1611 838 1693 judici
871 1631 969 1675 unam
1003 1632 1153 1692 marcam,
1185 1612 1296 1693 juratis
1321 1613 1487 1696 (mediam)

224 1737 376 1780 marcam.

331 1824 409 1886 Item
444 1824 606 1886 Fabianus
641 1825 784 1887 literatus
819 1838 927 1886 contra
954 1824 1106 1906 Iincham
1142 1825 1247 1908 prImo
1278 1826 1396 1889 citatus
1424 1846 1487 1887 non

223 1931 412 2012 comparuit.

328 2036 406 2098 Item
424 2057 517 2099 causa
543 2036 697 2118 Stephani
722 2050 831 2099 contra
857 2037 1028 2099 Nicolaum
1046 2038 1171 2100 Odolas
1195 2054 1297 2120 usque
1322 2053 1397 2100 octo
1423 2039 1489 2100 dies

222 2156 268 2204 est
291 2157 472 2225 prorogata.

361 2377 457 2453 Feria
486 2389 583 2453 serta
612 2383 767 2472 proxima
796 2381 1022 2470 postrenum
1051 2382 1141 2453 beati
1170 2383 1351 2471 Inmperti.

748 2530 812 2607 (16.
830 2534 956 2610 apn'lis).

326 2673 404 2734 Item
440 2675 616 2754 AgustInus
659 2672 807 2735 sacerdos
849 2686 959 2734 contra
995 2673 1149 2754 Iincham
1195 2686 1310 2735 octavo
1351 2673 1404 2734 die
1442 2693 1487 2734 re-

219 2778 401 2857 spondebit.

325 2886 404 2948 Item
428 2905 520 2947 causa
547 2885 642 2947 Liber
667 2885 821 2947 Iohannis
837 2900 948 2947 contra
971 2886 1101 2947 Petrum
1126 2905 1226 2968 usque
1251 2899 1326 2947 octo
1350 2885 1422 2948 dies
1446 2885 1485 2947 ad

219 3012 331 3074 pacem
357 3008 402 3054 est
427 3007 563 3074 recepta.

325 3100 402 3162 Item
428 3101 536 3161 Marco
561 3098 753 3161 GmizanIch
788 3113 898 3161 contra
924 3099 1103 3160 Johannem
1136 3098 1242 3181 prImo
1272 3099 1388 3159 citatus
1420 3117 1484 3158 nou

219 3206 408 3288 comparuit.

325 3310 403 3372 Item
428 3311 611 3373 Anthonius
643 3323 751 3372 contra
779 3310 979 3372 Demetrium
1012 3310 1114 3372 Volek
1146 3309 1339 3371 secundario
1370 3309 1483 3370 citatus

218 3437 284 3479 non
311 3419 499 3500 comparuit.

324 3523 401 3586 Item
426 3543 554 3585 causam
572 3523 702 3605 Mathey
718 3536 829 3586 contra
855 3523 984 3586 I'etrum
1003 3521 1177 3604 Kocheych
1194 3541 1297 3603 usque
1323 3534 1398 3583 octo
1416 3521 1482 3582 dies

217 3629 257 3690 ad
281 3650 393 3712 pacem
417 3644 615 3712 receperunt.

323 3737 402 3799 Item
411 3736 560 3798 Vrbanus
570 3750 678 3798 contra
690 3736 867 3818 Georgium
881 3735 1072 3797 secundario
1086 3734 1200 3796 citatus
1213 3753 1278 3796 non
1292 3734 1482 3816 comparuit.

323 3843 401 3906 Item
432 3863 526 3905 causa
551 3842 706 3904 Iohannis
730 3843 809 3905 BoIe
834 3855 943 3904 contra
969 3841 1104 3902 Paulum
1123 3860 1225 3922 usque
1249 3853 1323 3902 octo
1348 3839 1418 3903 dies
1442 3841 1481 3902 ad

216 3969 329 4032 pacem
353 3964 399 4013 est
425 3964 560 4032 recepta.

323 4057 400 4119 Item
437 4077 530 4119 causa
573 4055 730 4117 Anthonii
770 4054 918 4138 Zytarich
954 4068 1063 4116 contra
1102 4053 1306 4116 Anthonium
1342 4052 1480 4134 juratum

216 4183 317 4244 usque
341 4178 415 4225 octo
439 4163 508 4226 dies
532 4163 571 4224 ad
596 4181 708 4244 pacem
733 4175 779 4223 est
803 4175 939 4244 recepta.

322 4270 401 4331 Item
428 4289 523 4331 causa
548 4268 662 4330 Briccii
698 4281 808 4330 contra
833 4266 1025 4329 MichaeIem
1050 4266 1254 4348 Dampmiaui
1280 4285 1383 4348 usque
1409 4281 1482 4330 octo

215 4376 284 4437 dies
308 4377 347 4438 ad
371 4396 483 4459 pacem
509 4389 556 4438 est
581 4389 717 4458 recepta.

321 4484 399 4545 Item
424 4483 586 4544 Iohannes
610 4496 718 4544 contra
744 4480 946 4542 Anthonium
971 4479 1117 4562 Zytarich
1151 4479 1342 4542 secundario
1367 4481 1481 4544 citatus

215 4611 281 4652 non
306 4591 495 4673 comparuit.

321 4697 398 4758 Item
422 4697 576 4759 Nicolaus
600 4696 714 4758 Kouch
739 4707 848 4757 contra
875 4694 1017 4755 Marcum
1036 4694 1140 4776 primo
1165 4695 1279 4757 citatus
1303 4713 1369 4756 non
1392 4713 1478 4757 com·

214 4803 329 4885 paruit.
