3404 5362
218 305 280 381 248
599 304 686 362 Anno
710 299 803 379 1385.
829 335 869 346 -
893 316 941 363 11.
966 304 1093 377 augusti.

326 515 403 576 Item
429 532 523 575 causa
547 513 685 594 MyItIini
710 512 863 574 institoris
887 526 996 575 contra
1024 512 1187 596 piliatores
1211 514 1243 575 in
1270 512 1373 596 lreiga
1397 530 1482 578 mota

217 621 257 683 ad
282 634 430 683 octavum
458 620 542 681 diem
567 618 606 680 ad
631 638 742 701 pacem
768 632 815 679 est
838 632 974 700 recepta.

324 727 402 789 Item
434 724 580 787 Andreas
610 739 711 788 sartor
743 739 853 787 contra
877 725 1019 786 Blasium
1051 739 1204 786 sartorem
1229 726 1337 808 primo
1370 727 1481 789 citatus

215 853 282 897 non
307 833 499 915 comparuit.

322 939 401 1001 Item
425 958 518 1000 causa
537 937 668 1019 Georgii
695 937 796 999 Sidou
816 950 925 999 contra
943 937 1072 999 Petrum
1096 937 1137 998 ad
1161 951 1314 999 octavum
1340 939 1428 1001 diem
1444 939 1483 1000 ad

216 1066 327 1128 pacem
352 1059 400 1108 est
424 1058 560 1126 recepta.

322 1152 401 1213 Item
426 1170 520 1212 causa
545 1149 701 1212 Anthonii
725 1149 841 1211 literati
875 1161 984 1211 contra
1008 1147 1188 1210 Iohannem
1221 1149 1342 1211 Donati
1368 1150 1408 1212 ad
1433 1170 1483 1213 oc·

216 1273 325 1319 tavum
350 1258 435 1318 dietn
460 1256 500 1317 ad
525 1275 635 1338 pacem
662 1269 708 1317 est
732 1268 869 1337 recepta.

323 1364 400 1425 Item
414 1383 508 1424 causa
534 1362 646 1445 Cygan
672 1374 781 1423 contra
806 1359 987 1422 Iohannem
1012 1359 1131 1422 Donati
1155 1359 1195 1423 ad
1219 1375 1374 1424 octavum
1399 1363 1483 1424 diem

216 1469 257 1531 ad
282 1489 393 1551 pacem
419 1483 466 1531 est
489 1481 671 1550 prorogata.

323 1574 401 1636 Item
420 1595 514 1636 causa
540 1575 607 1635 Kus
629 1587 739 1635 contra
764 1571 943 1653 Georgium
963 1571 1002 1633 ad
1028 1587 1177 1634 octavum
1202 1573 1290 1635 diem
1314 1573 1356 1635 ad
1373 1594 1484 1657 pacem

218 1695 265 1743 est
287 1696 469 1763 prorogata.

323 1787 401 1847 Item
427 1805 544 1868 parvus
567 1785 665 1868 Elyas
682 1785 814 1846 domiue
838 1785 978 1846 consorti
996 1784 1086 1845 Pauli
1112 1785 1242 1866 pictoris
1267 1804 1375 1866 usque
1392 1787 1484 1868 quln-

216 1893 314 1954 denas
339 1892 418 1953 duas
441 1911 556 1974 pensas
580 1905 611 1954 et
634 1890 716 1952 duos
740 1889 890 1952 denarios
912 1891 1026 1952 solvet.

319 1997 396 2059 Item
411 1998 548 2059 Iacobus
561 1995 691 2079 pellifex
704 2010 812 2058 contra
828 1996 914 2078 Span
928 1996 1070 2057 secundo
1083 1997 1195 2058 citatus
1208 2014 1274 2058 non
1291 2000 1484 2081 comparuit.

322 2104 401 2166 Item
426 2124 557 2166 consors
579 2103 734 2164 Iohannis
755 2102 901 2184 pellificis
925 2122 981 2184 per
998 2101 1152 2164 Mathiam
1177 2101 1315 2164 condam
1343 2103 1484 2184 juratum

216 2224 248 2273 et
271 2225 452 2273 consortem
478 2211 601 2272 Herrici
626 2207 773 2292 pellificis
802 2224 915 2271 octavo
947 2209 999 2269 die
1023 2207 1085 2270 hoc
1117 2208 1274 2286 atestabit‚
1303 2210 1394 2290 quod
1419 2209 1484 2272 filia

215 2318 344 2401 Reynar
369 2319 574 2380 medietatem
599 2318 760 2377 bonorum
780 2335 912 2377 suorum
937 2316 997 2376 sibi
1023 2315 1171 2396 legasset.

321 2425 399 2487 Item
423 2424 585 2508 Scornych
611 2442 684 2485 cum
710 2421 805 2484 lratre
828 2442 887 2484 suo
911 2436 1020 2484 contra
1037 2420 1193 2504 Zekyrich
1217 2435 1333 2484 octavo
1359 2423 1413 2486 die
1438 2444 1484 2487 re·

217 2530 399 2611 spondebit.

321 2635 398 2696 Item
424 2655 516 2696 causa
534 2635 647 2697 Turko
671 2649 781 2697 contra
806 2635 941 2696 Paulum
959 2634 999 2694 ad
1024 2647 1174 2694 octavum
1198 2633 1285 2694 diem
1310 2633 1352 2695 ad
1370 2655 1484 2717 pacem

216 2754 263 2800 est
286 2754 423 2821 recepta.

321 2845 399 2906 Item
429 2866 521 2907 causa
555 2847 661 2909 Endre
695 2848 760 2930 Syb
792 2861 901 2909 contra
934 2846 1041 2908 Mathe
1072 2846 1113 2907 ad
1145 2860 1296 2908 octavum
1322 2848 1411 2911 diem
1445 2849 1484 2912 ad

216 2972 328 3036 pacem
353 2966 399 3013 est
421 2966 556 3034 recepta.

322 3058 399 3119 Item
418 3077 511 3119 causa
537 3059 673 3140 MyItIIni
698 3059 835 3120 condam
853 3058 967 3140 judicis
984 3075 1094 3121 contra
1119 3060 1246 3121 Mezera
1270 3059 1311 3121 ad
1331 3074 1484 3124 octavum

125 3163 128 3169 '
218 3162 304 3223 diem
328 3164 367 3225 ad
392 3184 504 3246 pacem
529 3178 575 3227 est
599 3179 736 3246 recepta.

325 3270 401 3330 Item
427 3290 558 3332 consors
575 3272 697 3332 Mareni
717 3272 814 3333 Lucia
833 3286 944 3334 vocata
961 3272 1100 3334 secunda
1125 3292 1157 3333 se
1174 3285 1289 3335 octavo
1314 3273 1368 3335 die
1385 3294 1485 3357 super

216 3394 254 3436 eo
279 3374 404 3455 jurabit,
430 3377 517 3458 quod
543 3378 645 3460 ipsam
669 3378 836 3460 Philippus
861 3378 949 3439 faber
973 3378 1187 3460 percussisset.

322 3481 400 3542 Item
427 3483 509 3543 lices
533 3497 642 3544 contra
667 3481 844 3563 Georgium
869 3484 1106 3546 stachunarium
1137 3485 1243 3566 primo
1275 3485 1392 3548 citatus
1417 3507 1482 3550 non

216 3589 405 3667 comparuit.

321 3693 398 3755 Item
425 3694 570 3755 Thomas
594 3695 734 3756 decanus
766 3711 875 3758 contra
909 3697 1108 3758 Anthonium
1141 3696 1280 3776 juratum
1306 3699 1416 3781 primo
1441 3701 1484 3762 ci·

214 3798 270 3858 tati
295 3819 359 3860 non
389 3801 578 3881 comparuit.
1119 3805 1123 3813 '

319 3904 397 3965 Item
423 3906 525 3967 Lucas
556 3920 666 3968 contra
700 3906 903 3989 Mychaelem
936 3909 1174 3969 stachunarium
1207 3923 1322 3970 octavo
1349 3909 1403 3974 die
1436 3932 1484 3974 re·

214 4009 397 4090 spondebit.

319 4116 397 4178 Item
420 4119 567 4200 Mychael
585 4118 673 4181 faber
690 4133 801 4181 contra
819 4119 1022 4201 Mychaelem
1040 4122 1180 4183 eundem
1205 4120 1348 4183 secundo
1368 4123 1486 4186 citatus

217 4242 283 4283 non
307 4225 497 4305 comparuit.

323 4329 400 4390 Item
427 4330 594 4393 Ladislaus
619 4332 721 4393 Tular
746 4345 856 4392 contra
881 4333 997 4414 Mykus
1015 4332 1156 4394 secundo
1173 4334 1288 4395 citatus
1304 4355 1371 4397 non
1397 4355 1485 4399 cotn-

217 4449 331 4515 paruit.

321 4540 398 4601 Item
426 4541 587 4602 Iohannes
613 4544 724 4605 Bozou
750 4558 859 4605 contra
886 4545 1072 4627 Philippum
1089 4560 1245 4607 sartorem
1269 4547 1418 4610 secundo
1443 4550 1485 4612 ci-

215 4658 301 4705 tatus
324 4666 389 4707 non
416 4649 606 4728 comparuit.

321 4750 401 4813 Item
418 4753 533 4814 Valesa
557 4768 669 4817 contra
687 4756 850 4818 Mezeram
867 4775 1054 4838 comparere
1072 4758 1194 4820 debens
1211 4779 1275 4820 non
1290 4762 1485 4843 comparuit.
