3404 5362
626 365 713 422 Antio
737 359 828 440 1383.
858 398 894 407 -
914 378 948 441 3.
966 365 1052 441 julii.
1417 381 1476 441 205

319 575 395 636 ltem
431 574 613 659 Stephanus
646 575 783 638 condam
816 575 936 656 juratus
968 591 1078 638 contra
1112 574 1305 656 Gregorium
1338 576 1480 637 secundo

212 681 328 743 citatus
353 701 419 743 non
448 682 638 765 comparuit.

319 787 398 850 Item
423 789 564 850 Brumen
581 787 742 851 aurifaber
757 803 867 852 contra
892 789 977 850 lwan
1003 787 1132 850 Lotrich
1153 787 1258 870 primo
1283 787 1396 849 citatus
1413 807 1479 849 non

212 895 402 979 comparuit.

319 1001 396 1063 Item
431 1001 607 1084 Dyonisius
636 1000 721 1063 filius
742 1002 914 1063 Lowrandi
947 1015 1056 1063 contra
1089 1000 1175 1063 lwan
1199 1015 1352 1079 sutorem,
1377 999 1479 1063 filium

213 1107 370 1170 lobannis
395 1108 534 1187 Milcech,
558 1108 851 1170 molendinatorem
868 1108 1024 1186 lwchcch,
1048 1107 1150 1169 filium
1176 1106 1260 1169 lwan
1285 1126 1321 1168 ac
1339 1106 1479 1168 lwanam

211 1214 313 1276 liliam
337 1214 482 1276 eiusdem
507 1227 538 1276 et
556 1213 734 1295 Georgium
759 1213 861 1276 filium
881 1213 1024 1295 Georgii,
1042 1212 1153 1275 fratres
1170 1214 1266 1274 Jakus
1291 1213 1480 1295 carpentarii

213 1320 362 1383 terciario
386 1321 419 1381 in
444 1318 515 1381 foro
532 1320 572 1381 ad
598 1334 778 1402 presentem
797 1318 909 1382 feriam
928 1320 1058 1382 terciam
1076 1320 1291 1403 proclamatus
1308 1338 1373 1380 non
1392 1318 1480 1381 venit

212 1446 309 1509 super
333 1425 417 1488 facto
442 1426 703 1509 interempcionis
726 1427 802 1488 dicti
820 1427 917 1488 Jakus
941 1427 1040 1488 nostri
1065 1426 1216 1504 concivis,
1243 1439 1274 1488 et
1298 1425 1372 1487 ideo
1395 1425 1421 1487 si
1447 1425 1480 1486 in

213 1533 298 1595 dicta
323 1533 450 1595 civitate
475 1533 596 1595 eteius
626 1534 788 1596 territorio
822 1534 952 1616 reperiri
984 1533 1112 1616 poterit,
1136 1532 1176 1594 de
1208 1533 1278 1615 ipso
1302 1531 1480 1594 secundum

214 1639 481 1702 consuetudinem
506 1640 642 1703 civitatis
666 1641 805 1703 vindicta
829 1656 1039 1724 sumpmatur.

320 1746 398 1808 Item
416 1746 530 1809 Valesa
554 1761 663 1809 contra
688 1747 859 1809 Nicolaum
884 1747 982 1809 tercio
1007 1747 1120 1809 citatus
1145 1766 1209 1808 non
1234 1746 1424 1829 comparuit.

326 1853 404 1915 ltem
430 1853 584 1915 Lucasius
608 1854 738 1937 sellipar
762 1868 876 1916 octavo
901 1855 953 1916 die
978 1854 1102 1916 atestari
1132 1854 1227 1916 debet
1250 1853 1329 1935 quid
1353 1852 1413 1914 sibi
1438 1853 1477 1914 de

216 1958 299 2022 facto
324 1960 406 2021 inter
431 1959 608 2041 Georgium
633 1974 664 2022 et
687 1961 853 2022 dominam
879 1961 1017 2023 lwanam
1042 1974 1175 2023 constat.

323 2065 401 2129 ltem
426 2065 508 2128 dicta
541 2066 673 2128 domina
705 2067 810 2128 lwana
843 2081 956 2129 octavo
981 2067 1032 2128 die
1065 2067 1161 2129 tercia
1185 2086 1217 2128 se
1242 2086 1337 2150 super
1368 2086 1407 2128 eo
1431 2064 1481 2147 ju-

216 2172 308 2250 rabit,
341 2172 429 2254 quod
462 2172 595 2234 maritus
627 2192 702 2234 suus
734 2173 820 2234 dicto
854 2172 996 2255 Georgio
1027 2174 1129 2235 tribus
1161 2173 1275 2236 marcis
1299 2187 1330 2235 et
1352 2173 1481 2235 duobus

218 2277 348 2339 florenis
372 2278 498 2342 debitor
521 2298 586 2340 non
612 2278 680 2342 fuit.

320 2386 399 2447 ltem
430 2386 518 2466 quod
551 2386 626 2467 quia
659 2386 869 2447 commissarii
901 2407 957 2449 seu
993 2401 1178 2449 executores
1208 2387 1389 2449 testamenti
1414 2386 1479 2448 filie

218 2493 346 2576 Reynar
363 2492 572 2573 undiquaque
588 2492 790 2571 sciscitando,
808 2491 1005 2575 Stephanum
1019 2492 1122 2554 lilium
1140 2493 1266 2555 Mikech
1284 2493 1316 2554 in
1338 2494 1480 2575 quadam

215 2597 418 2660 fideiussione
442 2598 572 2679 triginta
598 2597 794 2660 florenorum
819 2600 926 2660 minus
950 2599 1076 2661 duobus
1109 2600 1314 2662 innocentem
1339 2599 1477 2683 reperie-

219 2719 300 2783 runt,
326 2704 400 2766 ideo
424 2704 529 2786 ipsum
554 2705 756 2788 superdicta
789 2705 993 2768 fideiussione
1026 2707 1257 2768 commiserunt
1281 2707 1476 2789 expeditum.

322 2810 401 2873 ltem
427 2811 583 2873 Martinus
607 2812 753 2874 Zekirich
779 2812 910 2875 domine
935 2813 1076 2875 consorti
1103 2813 1258 2875 Johannis
1283 2814 1379 2876 Liber
1403 2812 1482 2874 duas

217 2937 339 2981 marcas
363 2938 421 3001 pro
446 2919 606 3001 vituperio
631 2939 732 3001 usque
757 2920 937 3001 quindenas
963 2920 1087 2982 solvere
1112 2920 1219 2983 debet.

267 3137 365 3212 Faria
393 3147 492 3211 sexta
520 3142 674 3229 proxima
703 3149 780 3230 post
807 3141 929 3213 festum
957 3143 1133 3215 beatorum
1162 3141 1254 3213 Petri
1284 3148 1317 3213 et
1346 3143 1441 3214 Pauli

728 3266 968 3355 apostolomm.

767 3419 810 3496 (3.
827 3418 928 3496 s'ulii).

322 3557 400 3619 Item
424 3556 587 3620 lohannes
611 3558 736 3620 Samlar
767 3571 877 3621 contra
903 3558 1098 3641 Gregorium
1122 3572 1277 3622 sartorem
1309 3561 1414 3643 primo
1439 3560 1483 3623 ci·

219 3675 300 3725 tatus
323 3683 388 3725 non
412 3665 602 3747 comparuit.

321 3770 400 3833 ltem
436 3772 567 3854 Mathey
602 3771 744 3834 salivena
780 3785 890 3834 contra
926 3772 1097 3834 Nicolaum
1134 3774 1240 3856 primo
1270 3773 1384 3835 citatus
1416 3793 1481 3836 non

220 3877 407 3958 comparuit.

323 3982 401 4044 ltem
426 4002 521 4044 causa
546 3983 700 4044 lobannis
723 3981 875 4046 aurifabri
908 3997 1017 4047 contra
1044 3985 1254 4047 Benedicrum
1287 3985 1416 4047 Mezara
1442 3984 1482 4046 ad

220 4103 367 4151 octavum
391 4088 477 4150 diem
502 4090 542 4151 ad
567 4109 679 4172 pacem
704 4103 750 4151 est
773 4103 910 4173 recepta.

325 4194 403 4257 ltem
430 4195 609 4257 Hanslinus
632 4210 720 4258 sutor
744 4210 858 4259 octavo
881 4197 933 4259 die
958 4218 1014 4281 per
1038 4199 1187 4260 dominas
1211 4212 1375 4260 consortes
1392 4198 1482 4259 Pauli

223 4297 310 4380 fabri,
335 4300 493 4364 Anthonii
519 4302 636 4364 sutoris
659 4301 720 4365 hoc
744 4305 900 4383 atesrabit,
924 4305 1013 4386 quod
1037 4319 1217 4367 consortem
1243 4323 1334 4366 suam
1359 4307 1483 4387 Marga-

221 4420 282 4469 rera
307 4407 423 4469 mulier
446 4407 555 4470 relicta
579 4408 677 4470 Blasii
702 4410 920 4493 vituperasset.

323 4513 402 4577 ltem
427 4534 521 4577 causa
546 4515 691 4577 mulieris
715 4520 808 4579 Anne
826 4530 936 4579 contra
962 4516 1140 4598 Georgium
1165 4516 1205 4579 ad
1229 4531 1378 4579 octavum
1395 4516 1482 4579 diem

224 4618 259 4679 ad
284 4639 396 4702 pacem
421 4634 468 4683 est
492 4634 628 4704 recepta.

323 4725 400 4787 ltem
427 4726 565 4788 Brumen
591 4725 752 4789 aurifaber
777 4741 886 4791 contra
912 4729 1128 4792 Laurencium
1152 4730 1258 4813 primo
1282 4731 1396 4793 citatus
1416 4750 1481 4793 non

224 4832 407 4914 comparuit.
