3404 5362
682 371 883 453 Anno1386.
908 409 949 419 —
973 388 1025 450 29·
1048 376 1129 436 maii.

380 589 457 651 Item
490 588 644 651 Clemens
679 588 817 670 piscator
848 601 956 659 contra
994 585 1117 648 Jursich
1149 586 1291 648 secundo
1328 587 1444 649 citatus
1476 607 1548 649 nou

274 696 465 778 comparuit.

381 801 458 862 Item
484 800 621 862 Mathias
645 801 766 882 juratus
782 813 891 861 contra
912 798 1085 861 Nicolaum
1101 812 1216 860 octavo
1241 797 1294 860 die
1319 798 1538 880 respondebit.

1620 39 1700 467 l

380 908 458 969 Item
483 907 660 969 Hanslinus
684 905 852 967 Loehahar
875 920 985 967 contra
1010 904 1182 968 Ortolflich
1208 905 1316 987 primo
1338 905 1456 967 citatus
1479 924 1542 967 non
1605 944 1624 953 -

275 1029 465 1097 comparuit.

381 1121 458 1181 ltem
483 1118 646 1181 lohannes
669 1119 823 1195 literatus,
849 1118 983 1199 Egidius
1006 1118 1155 1180 sacerdos
1183 1131 1294 1179 contra
1318 1118 1463 1180 relictam
1490 1119 1540 1179 Jo-

274 1228 389 1290 hannis
411 1227 541 1288 sartoris
565 1227 669 1308 primo
694 1225 780 1287 citati
808 1244 875 1286 non
899 1238 1158 1307 comparuerunt.

381 1352 458 1413 ltem
481 1351 595 1434 Cygan
629 1365 738 1413 contra
771 1349 952 1411 iohannem
984 1351 1090 1432 primo
1115 1351 1229 1412 citatus
1260 1369 1327 1411 non
1352 1351 1542 1433 comparuit.

382 1459 460 1520 Item
485 1478 578 1520 causa
605 1456 769 1520 Benedicti
795 1453 951 1517 carnificis
968 1470 1079 1518 contra
1103 1457 1191 1518 lwan
1215 1455 1255 1518 ad
1280 1469 1434 1518 octavum
1459 1456 1543 1517 diem

276 1565 315 1628 ad
341 1584 453 1647 pacem
478 1579 525 1626 est
549 1577 684 1646 recepta.

381 1671 459 1732 ltem
491 1670 610 1751 (causa)
642 1670 796 1732 Johannia
829 1668 886 1731 filii
913 1669 1068 1730 Hermani
1100 1681 1211 1731 contra
1243 1668 1373 1730 Petrum
1407 1668 1541 1749 longum

278 1778 318 1840 ad
343 1792 491 1839 octavum
517 1776 603 1838 diem
629 1776 668 1836 ad
693 1796 806 1858 pacem
830 1790 877 1838 est
900 1788 1037 1857 recepta,
1062 1774 1158 1836 debet
1181 1774 1387 1857 respondere.

383 1882 460 1944 ltem
479 1903 571 1944 causa
597 1882 710 1964 Cygan
735 1897 766 1945 et
789 1882 837 1943 sui
862 1880 974 1943 famuli
1003 1895 1113 1943 contra
1138 1878 1332 1962 Gregorium
1358 1880 1479 1962 Angeli
1503 1881 1542 1943 ad

276 2004 427 2052 octavum
452 1989 538 2050 diem
563 1988 601 2050 ad
628 2008 739 2070 pacem
764 2002 810 2049 est
833 2001 971 2070 recepta.

381 2112 457 2174 ltem
485 2112 602 2192 lglicha
627 2127 736 2173 contra
763 2111 920 2192 Scitarigh
943 2112 1048 2193 primo
1079 2111 1193 2174 citatus
1216 2131 1281 2173 non
1307 2112 1501 2195 comparuit.

384 2237 461 2299 ltcm
485 2250 581 2298 testes
612 2256 739 2298 causam
772 2236 911 2319 Philippi
943 2249 1052 2298 contra
1085 2236 1287 2298 Anthonium
1320 2236 1362 2297 ad
1394 2250 1547 2298 octavum

276 2345 364 2406 diem
389 2343 427 2404 ad
453 2363 563 2425 pacem
590 2355 788 2425 receperunt.

380 2450 459 2511 ltem
484 2449 651 2532 Philippus
676 2468 776 2530 usque
801 2448 982 2530 quindenas
999 2447 1166 2509 Anthonio
1191 2468 1288 2510 unam
1314 2467 1459 2511 marcam
1483 2449 1546 2511 sol·

276 2574 350 2616 vere
376 2555 481 2617 debet.

382 2661 460 2723 ltem
485 2661 653 2742 Philippus
676 2682 732 2743 per
758 2661 900 2723 Blasium
926 2676 957 2724 et
981 2675 1162 2724 consortem
1188 2659 1326 2744 Mykech
1350 2675 1469 2724 octavo
1495 2662 1547 2724 die

278 2768 437 2831 atestabit.

382 2874 461 2935 Item
493 2873 691 2956 Sysakouich
716 2875 871 2936 Nicolaus
903 2888 1012 2937 contra
1043 2874 1224 2937 iohannem
1256 2874 1400 2937 secundo
1433 2875 1547 2937 citatus

277 3001 343 3044 non
368 2981 557 3061 comparuit.

384 3086 462 3148 ltem
487 3086 650 3147 lohannes
674 3085 758 3147 filius
781 3087 901 3148 chhk
926 3101 1035 3148 contra
1060 3087 1232 3149 Nicolaum
1264 3086 1407 3148 secundo
1432 3088 1547 3149 citatus

278 3213 343 3255 non
369 3193 558 3274 comparuit.

384 3299 461 3360 ltem
480 3296 640 3378 Georgius
664 3297 905 3360 molendinator
926 3319 982 3380 per
998 3298 1169 3360 Nicolaum
1188 3296 1377 3360 Sisakouich
1403 3313 1435 3361 et
1461 3299 1545 3361 lwan

278 3404 430 3487 Loytrich
455 3418 486 3466 et
510 3404 631 3465 Petheu
656 3404 718 3465 hoc
745 3405 902 3482 atestabit,
934 3405 1022 3486 quod
1048 3404 1207 3467 Janchech
1232 3405 1314 3467 duos
1337 3425 1414 3468 suos
1438 3407 1547 3471 asinos

277 3509 481 3572 interfecerit.

381 3615 460 3677 ltem
486 3616 596 3677 Kuslo
621 3631 731 3677 contra
749 3616 926 3699 Petrenych
951 3617 1056 3698 primo
1080 3618 1193 3679 citatus
1214 3637 1281 3679 nun
1305 3619 1499 3700 comparuit.

383 3722 461 3783 ltem
485 3722 654 3783 Ladislaus
679 3723 761 3783 tular
778 3723 891 3804 viginti
916 3743 1039 3784 marcas
1055 3724 1263 3785 denariorum
1281 3724 1443 3807 Mychaeli
1461 3725 1547 3787 auri·

277 3826 369 3889 labro
393 3827 518 3889 solvere
544 3829 649 3890 debet.

382 3951 460 4013 ltem
485 3952 572 4032 quod
597 3953 671 4032 quia
689 3952 851 4032 quandam
877 3966 993 4014 terram
1010 3954 1172 4015 lohannes
1189 3953 1273 4016 filius
1289 3953 1402 4016 militia
1419 3955 1547 4039 Ztoyan

275 4058 351 4119 dare
376 4078 441 4118 non
466 4059 581 4140 potuit,
607 4058 680 4119 ideo
697 4059 870 4138 terragium
896 4059 962 4141 ipse
981 4061 1104 4142 Ztoyan
1122 4061 1162 4123 de
1188 4063 1255 4144 ipsa
1274 4075 1356 4124 terra
1380 4060 1458 4122 dare
1477 4083 1546 4124 non

276 4177 432 4226 teneatur.

380 4398 477 4472 Faria
507 4403 614 4472 tercia
642 4405 798 4491 proxima
828 4412 904 4474 ante
925 4405 1047 4475 festum
1067 4400 1283 4475 ascensionis
1313 4406 1450 4478 domini.

817 4575 882 4651 (29.
907 4575 998 4636 arraial.

383 4731 461 4793 ltem
493 4732 585 4793 Duch
617 4732 702 4794 filius
734 4732 886 4815 Georgii,
919 4735 1081 4795 Barnabas
1113 4749 1144 4797 et
1172 4733 1275 4795 lwech
1312 4748 1402 4798 sutor
1434 4751 1548 4801 contra

278 4836 458 4898 iohannem
483 4838 654 4921 Hlebopek
678 4840 782 4921 primo
807 4839 892 4901 citati
918 4859 982 4901 non
1008 4855 1266 4923 comparuerunt.
