3404 5362
583 345 670 402 Anno
693 338 786 420 1383.
809 377 854 387 —
875 355 925 421 27.
941 344 1105 419 februarii
1419 346 1478 428 189

317 553 396 616 Item
420 554 503 615 Rees
528 570 639 616 contra
665 553 819 616 Mathiam
837 553 975 615 condam
999 553 1138 635 juratum
1156 557 1261 639 primo
1283 557 1397 619 citatus
1413 576 1478 619 non

210 660 402 741 comparuit.
1241 660 1245 669 '

317 763 396 826 Item
420 764 553 827 domina
577 765 687 828 relicta
717 766 819 846 Sorga
850 780 961 829 contra
984 767 1126 829 Brumen
1151 766 1349 830 aurifabrum
1373 769 1478 851 primo

210 870 307 932 citata
329 889 396 932 uon
419 871 610 954 comparuit.

319 995 398 1057 Item
415 994 562 1057 Thomas
586 996 729 1079 Dragym
754 1009 865 1060 contra
889 996 1067 1078 Georgium
1093 997 1235 1060 secundo
1271 999 1386 1061 citatus
1413 1018 1478 1061 non

211 1103 404 1184 comparuit.

319 1208 399 1271 Item
423 1209 541 1270 Paulus
563 1208 724 1271 aurifaber
748 1222 860 1271 contra
883 1208 1047 1271 Thomam
1077 1211 1312 1293 carpentarium
1336 1211 1479 1273 secundo

211 1314 326 1377 citatus
349 1334 417 1376 non
440 1314 631 1398 comparuit.

316 1421 396 1483 Item
421 1421 568 1504 Mychael
585 1420 670 1483 filius
694 1421 844 1484 Damiani
862 1434 972 1484 contra
996 1422 1152 1485 Mathiam
1170 1422 1357 1485 Cusinbach
1374 1424 1479 1506 primo

209 1526 324 1588 citatus
348 1545 414 1589 non
443 1527 633 1608 comparuit.

316 1651 395 1713 Item
419 1651 570 1713 Marenua
594 1651 732 1713 condam
756 1650 877 1731 juratus
897 1665 1007 1714 contra
1031 1651 1199 1715 dominam
1223 1653 1367 1714 relictam
1395 1654 1479 1715 Petri

210 1755 316 1838 prImo
339 1756 454 1819 citatus
477 1775 543 1818 non
572 1757 763 1839 comparuit.

318 1863 395 1925 Item
427 1862 596 1946 Philippus
629 1862 748 1944 figulus
784 1878 893 1927 contra
924 1863 1057 1948 Gyuran
1094 1865 1237 1929 secundo
1268 1865 1382 1927 citatus
1413 1886 1479 1927 non

211 1969 402 2050 comparuit.

319 2075 397 2137 Item
422 2074 586 2138 Corardua
602 2089 691 2138 sutor
707 2089 817 2140 contra
834 2075 1029 2161 Gregorium
1047 2076 1152 2160 primo
1173 2079 1285 2140 citatus
1301 2098 1367 2140 non
1392 2098 1480 2141 com·

214 2180 328 2262 paruit.

320 2287 400 2350 Item
412 2288 498 2351 Iwan
511 2288 669 2352 Wrouich
687 2301 797 2351 contra
815 2288 940 2351 Malech
956 2288 1062 2371 primo
1080 2289 1194 2352 citatus
1210 2308 1276 2351 non
1289 2290 1479 2372 comparuit.

318 2394 397 2455 Item
410 2395 509 2478 Elyas
531 2415 648 2478 parvus
679 2408 791 2456 contra
816 2393 1015 2477 Stephanum
1041 2394 1108 2456 Rez'
1139 2394 1244 2477 primo
1268 2395 1383 2457 citatus
1412 2414 1478 2456 non

214 2501 404 2582 comparuit.

319 2605 398 2669 Item
430 2627 525 2669 causa
558 2608 680 2670 Mareni
713 2622 824 2670 contra
856 2606 1034 2689 Georgium
1066 2606 1107 2669 ad
1138 2621 1288 2670 octavum
1321 2606 1407 2670 diem
1439 2606 1479 2669 ad

213 2731 325 2795 pacem
350 2727 397 2776 est
420 2728 557 2796 recepta.

319 2818 398 2881 Item
423 2820 576 2882 Nicolaus
601 2820 705 2902 Cigan
729 2833 839 2883 contra
864 2822 994 2883 Petrum
1018 2834 1173 2882 sartorem
1196 2819 1339 2883 secundo
1366 2819 1481 2883 citatus

214 2944 277 2987 non
302 2926 493 3008 comparuit.

319 3049 398 3112 Item
423 3050 539 3134 Mykua
563 3049 776 3114 Cernichicha
800 3062 910 3112 contra
934 3050 1090 3112 Iacobum
1109 3050 1188 3112 Bole
1212 3064 1326 3112 octavo
1354 3048 1406 3112 die
1431 3069 1480 3111 re·

213 3156 394 3240 spondebit.

317 3263 397 3327 Item
421 3265 533 3327 Petrus
556 3278 665 3327 contra
690 3264 846 3326 Iacobum
872 3264 951 3326 Bole
979 3276 1094 3325 octavo
1119 3262 1172 3324 die
1196 3262 1417 3345 respondebit.

319 3370 398 3434 Item
423 3370 530 3432 Endre
548 3370 615 3453 Syb
639 3382 753 3432 octavo
771 3369 823 3431 die
846 3369 989 3431 secundo
1012 3389 1045 3431 se
1062 3389 1158 3452 super
1182 3388 1221 3430 eo
1244 3367 1373 3449 jurabit,
1390 3366 1480 3451 quod

214 3474 273 3538 sibi
294 3475 456 3538 Iohannes
479 3475 645 3539 familiaris
661 3475 834 3538 duodecim
858 3475 965 3558 pensis
980 3474 1107 3538 debitor
1123 3473 1229 3554 fuerit,
1253 3487 1284 3536 et
1307 3494 1404 3555 super
1419 3474 1480 3535 mi·

215 3581 284 3645 nori
306 3581 443 3665 pecunia
468 3580 574 3663 jurare
597 3594 712 3663 potest,
738 3581 763 3643 si
788 3582 868 3645 vult.

323 3706 402 3769 Item
419 3705 505 3768 idem
522 3704 684 3768 Iohannes
709 3725 807 3768 unam
822 3706 979 3769 tunellam
996 3704 1102 3768 eidem
1119 3706 1228 3767 Endre
1244 3723 1346 3787 usque
1362 3702 1479 3767 festum

215 3812 457 3895 Aaaumpcionis
480 3814 572 3874 beate
596 3811 730 3894 virginis
753 3812 918 3875 restituere
942 3811 1048 3891 debet,
1073 3812 1124 3874 vel
1148 3812 1174 3874 si
1198 3831 1264 3874 non
1290 3810 1409 3893 poterit
1432 3829 1480 3871 re·

215 3919 355 3997 nituere,
378 3932 454 3980 tunc
478 3918 622 4001 precium
646 3919 716 3981 eius
739 3919 843 3981 solvet
866 3937 962 4000 super
982 3931 1101 4000 quanta
1125 3917 1262 4001 pecunia
1283 3916 1354 3999 ipse
1371 3915 1480 3977 Endre

216 4023 343 4105 juraret.

319 4130 398 4194 Item
422 4129 614 4194 Dominicus
638 4145 748 4194 contra
765 4131 902 4193 Elenam
925 4129 1097 4193 mulierem
1116 4126 1259 4191 secundo
1283 4127 1398 4189 citatus
1413 4144 1480 4188 non

216 4237 403 4320 comparuit.

319 4343 400 4406 Item
423 4342 570 4405 Thomas
594 4342 812 4426 carpentarius
832 4356 942 4406 contra
967 4340 1166 4424 Stephanum
1184 4337 1340 4401 Criaozlai
1365 4349 1480 4400 octavo

216 4451 265 4514 dIe
289 4451 509 4535 respondebit.

319 4557 398 4620 Item
430 4555 627 4619 Laurencius
651 4570 761 4620 contra
786 4556 902 4640 Vyden
925 4554 1030 4637 primo
1051 4553 1167 4616 citatus
1191 4570 1256 4614 non
1288 4549 1481 4633 comparuit.

320 4682 399 4746 Item
431 4701 526 4745 causa
559 4680 677 4744 Cosme
709 4679 862 4744 aurifabri
890 4694 921 4743 et
952 4679 1070 4742 Paulus
1101 4692 1211 4743 contra
1234 4674 1408 4740 Nicolaum
1439 4673 1480 4737 ad

216 4802 363 4854 octavum
387 4787 474 4851 diem
498 4787 539 4849 ad
563 4806 675 4870 pacem
700 4801 746 4850 est
769 4800 907 4870 recepta.
