3404 5362
514 396 600 454 Anno
624 391 717 472 1382.
742 429 782 439 -
808 392 840 456 8.
863 398 973 456 martii.
1320 395 1376 473 165

224 606 294 669 ltem
321 607 433 668 Petrus
459 621 569 669 contra
595 606 730 668 Paulum
755 619 870 668 octavo
896 606 948 667 die
973 607 1189 688 respondebit.

223 712 297 775 ltem
325 712 495 775 Ladislaus
528 712 632 774 Tular
662 727 772 774 contra
805 713 961 773 Jacobum
992 712 1205 794 gladiatorem
1237 711 1379 773 secundo

101 808 230 878 citatus
251 838 315 880 non
341 818 532 900 comparuit.

221 923 297 985 ltetn
322 943 417 986 causa
442 923 529 985 lwan
562 923 804 1005 Chudauchych
835 940 944 986 contra
970 923 1165 1005 Gregorium
1198 938 1245 985 est
1269 942 1379 1006 proro-

92 1037 195 1098 gata
214 1050 310 1112 usque
335 1043 488 1092 octavum
513 1029 609 1092 diem.

222 1136 298 1198 Item
323 1156 418 1198 causa
445 1135 595 1217 Gregorii
620 1135 714 1216 jurati
737 1150 768 1198 et
792 1137 908 1198 Paulas
925 1151 1034 1198 contra
1059 1136 1231 1198 Nicolaum
1257 1135 1380 1197 Odolas

88 1229 147 1292 sic
190 1256 227 1304 est
245 1241 440 1323 adjudicata,
457 1241 547 1323 quod
572 1241 676 1304 dictus
692 1243 845 1304 Nicolaus
861 1262 877 1302 a
895 1240 1024 1324 prefatis
1042 1240 1200 1324 Gregorio
1218 1254 1249 1304 et
1265 1242 1380 1302 Paulas

88 1334 228 1421 viginti
253 1368 375 1410 marcas
408 1347 629 1428 denariorum,
660 1348 692 1409 in
724 1367 790 1430 quo
822 1349 861 1409 lis
884 1361 966 1409 esset
999 1348 1080 1410 inter
1105 1367 1160 1409 eos
1184 1362 1282 1428 mota,
1313 1367 1379 1409 non

88 1439 143 1505 ha
155 1451 289 1531 buisset,
314 1453 384 1515 sola
408 1473 466 1515 sua
498 1454 530 1514 in
565 1473 701 1535 persona
732 1468 968 1516 sacramentum
991 1453 1154 1535 prestabit,
1179 1469 1210 1516 et
1240 1454 1302 1516 hoc
1326 1473 1379 1517 oc·

86 1558 193 1620 tavo
213 1560 273 1624 die.

218 1667 295 1728 Item
323 1666 500 1749 Gregorius
532 1667 698 1749 Voschyar
736 1686 795 1728 nec
826 1685 892 1727 non
925 1666 1041 1728 Paulas
1067 1681 1176 1728 contra
1208 1667 1379 1728 Nicolaum

87 1755 237 1834 Odolas
261 1786 377 1836 octavo
402 1774 455 1835 die
480 1773 633 1855 jurabunt
655 1793 751 1855 super
775 1791 825 1851 eo,
857 1773 945 1853 quod
970 1773 1029 1855 ipsi
1053 1793 1070 1834 a
1095 1771 1220 1855 prefato
1242 1773 1378 1835 Nicolao

86 1863 225 1940 decem
257 1893 289 1942 et
321 1895 396 1942 octo
430 1899 552 1942 marcas
584 1879 791 1941 denariorum
816 1898 881 1939 non
913 1877 1109 1957 habuissent,
1141 1880 1173 1940 in
1205 1898 1270 1959 quo
1296 1877 1379 1940 facto

86 1969 203 2044 litem
225 1985 430 2062 habuissent;
463 1986 530 2067 ipse
555 2000 663 2047 autem
687 1985 840 2046 Nicolaus
872 1985 975 2066 ipsam
1009 2004 1137 2046 causam
1163 1985 1203 2046 ad
1228 1986 1379 2065 antiquos

85 2075 232 2156 iudices
260 2092 445 2174 appellavit.
920 2094 928 2107 '

218 2198 295 2259 ltem
321 2218 415 2260 causa
441 2197 622 2261 Clementis
645 2197 833 2280 Zyrochych
858 2211 889 2259 et
913 2197 998 2258 lwan
1030 2196 1086 2258 filii
1112 2196 1220 2259 Mathe
1245 2217 1280 2259 ac
1305 2197 1378 2258 Phi·

85 2288 194 2380 lippi
215 2303 378 2387 cyrolichy
402 2305 447 2366 sic
473 2319 519 2366 est
544 2303 737 2385 adjudicata,
754 2303 842 2384 quod
864 2304 967 2365 dictus
984 2304 1070 2364 lwan
1089 2304 1276 2385 porcionem
1295 2304 1378 2364 Mar-

84 2408 239 2476 garethe
272 2411 389 2472 debeat
419 2411 459 2472 ad
491 2430 524 2472 se
557 2429 786 2492 assumpmere,
821 2428 884 2491 que
917 2410 1028 2490 porcio
1053 2431 1070 2470 a
1096 2409 1239 2490 Georgio
1272 2409 1379 2470 cidem

85 2501 242 2576 domine
265 2517 416 2599 provenit
439 2536 498 2598 pro
527 2516 722 2598 quibusdam
746 2515 890 2596 quinque
918 2516 1033 2576 marcis
1068 2515 1286 2594 denariorum,
1315 2534 1378 2597 que

86 2605 240 2683 filerunt
262 2622 368 2684 eidem
395 2621 599 2704 Margarethe
630 2621 734 2702 legate
761 2640 818 2704 per
851 2634 993 2703 patrem;
1019 2638 1049 2683 et
1080 2620 1140 2682 hoc
1167 2620 1378 2700 notificando,

87 2708 204 2793 iuod
224 2729 397 2791 duodecim
422 2748 544 2790 marcas
568 2729 608 2789 ad
633 2748 687 2789 sex
714 2742 819 2810 partes
850 2728 932 2789 inter
956 2749 988 2789 se
1014 2728 1157 2790 dividere
1183 2728 1312 2791 debent.
1338 2731 1379 2791 Et

88 2816 181 2889 hoc
200 2853 259 2896 non
289 2836 505 2917 pretermisso,
540 2834 628 2915 quod
660 2853 852 2914 quecunque
884 2835 1029 2916 parcium
1062 2836 1310 2917 prescriptorum
1343 2836 1376 2896 in

90 2940 269 3005 premissis
301 2940 366 3002 litis
390 2941 570 3020 materiam,
603 2960 664 3023 que
685 2940 798 3018 sciens,
822 2953 984 3018 moveret,
1017 2941 1048 3001 in
1074 2939 1157 3002 facto
1194 2941 1377 3023 calumpnia

92 3043 363 3109 convinceretur.

218 3152 294 3215 ltem
321 3153 475 3215 Nicolaus
500 3153 671 3235 Hlebopek
695 3166 805 3215 contra
822 3153 993 3213 Nicolaum
1019 3150 1149 3214 fratrem
1174 3153 1291 3233 Angeli
1308 3154 1378 3214 sab·

97 3239 189 3311 bato
210 3260 357 3340 proximo
382 3273 454 3320 ante
480 3259 678 3321 dominicam
708 3258 804 3320 Oculi
828 3259 860 3319 in
896 3256 980 3319 facto
1005 3259 1171 3320 cuiusdam
1204 3259 1297 3321 vinee
1323 3280 1377 3321 an·

98 3344 221 3431 ti<llius
242 3366 366 3448 judices
391 3385 586 3447 congregare
612 3366 716 3428 debet.

338 3588 483 3658 Sabbato
513 3590 667 3676 proximo
697 3596 776 3657 ante
804 3585 1007 3657 dominicam
1036 3583 1140 3657 Oculi.

648 3736 693 3817 (8.
717 3740 840 3816 martti).

217 3880 293 3943 ltetn
319 3899 413 3942 causa
440 3879 589 3961 Gregorii
614 3878 795 3961 Woschyar
818 3899 876 3940 nec
910 3898 974 3940 non
1000 3878 1115 3939 Paulas
1147 3894 1257 3941 contra
1280 3879 1376 3941 Nico-

102 3956 201 4043 laum
226 3986 351 4049 Odolas
372 4006 430 4069 per
454 3988 605 4068 antiquos
630 3986 751 4065 judices
775 3985 815 4046 ad
843 4002 992 4048 octavum
1025 3985 1111 4047 diem
1136 3998 1182 4047 est
1205 4000 1376 4068 prorogata

102 4082 142 4127 ⁶⁰
169 4093 284 4171 modo,
307 4092 396 4175 quod
420 4112 522 4174 usque
547 4092 667 4153 dictum
698 4106 847 4153 octavum
865 4093 952 4154 diem
977 4092 1016 4153 de
1042 4093 1124 4153 dicta
1149 4112 1243 4154 causa
1268 4111 1377 4174 supra-

105 4187 350 4286 f¹⁰¹11inatorum
377 4197 464 4260 idem
485 4197 607 4279 judices
640 4198 805 4280 pensando
829 4198 949 4259 vellent
981 4199 1059 4258 scire
1086 4199 1253 4260 veritatem
1279 4212 1309 4259 et
1332 4198 1376 4259 sic

107 4294 139 4338 ¹¹¹
165 4307 290 4367 cunctis
314 4303 418 4367 facere
442 4303 566 4384 justicie
591 4305 876 4386 complementum.

218 4411 293 4474 ltem
306 4411 395 4494 quod
411 4411 486 4493 quia
505 4410 684 4494 Stephanus
694 4412 780 4473 Reez
793 4411 878 4490 juxta
892 4411 1091 4490 judiciariam
1112 4411 1374 4472 commissionem

116 4508 210 4579 sultr
240 4519 380 4599 quadam
412 4519 589 4599 quantitate
621 4519 755 4599 pecunie
788 4533 898 4579 contra
929 4518 1131 4579 Anthonium
1164 4518 1263 4579 Renis
1287 4516 1373 4579 lesti-

119 4606 209 4682 nebflt
224 4625 290 4687 sola
306 4644 363 4687 sua
381 4624 413 4686 in
430 4644 566 4707 persona
589 4625 620 4684 in
640 4644 733 4706 supra
752 4625 917 4686 nominata
942 4625 1056 4705 quinto
1070 4625 1121 4685 die
1140 4637 1374 4685 sacramentum

125 4701 283 4809 delohere,
308 4731 375 4813 ipse
396 4749 473 4793 vero
498 4730 681 4791 Anthonius
708 4730 825 4792 dictam
851 4749 978 4792 causam
1008 4730 1046 4791 ad
1079 4731 1230 4811 antiquos
1255 4729 1376 4808 judices

129 4828 311 4915 lavellano,
336 4855 396 4918 pro
421 4855 460 4898 eo
477 4836 600 4918 antiqui
619 4835 740 4915 judices
764 4836 865 4917 ipsam
882 4855 1011 4898 causam
1035 4836 1079 4899 sic
1098 4834 1374 4914 determinassem,
