<?xml version="1.0" encoding="UTF-8"?>
<!DOCTYPE html PUBLIC "-//W3C//DTD XHTML 1.0 Transitional//EN"
    "http://www.w3.org/TR/xhtml1/DTD/xhtml1-transitional.dtd">
<html xmlns="http://www.w3.org/1999/xhtml" xml:lang="en" lang="en">
 <head>
  <title>
</title>
<meta http-equiv="Content-Type" content="text/html;charset=utf-8" />
  <meta name='ocr-system' content='tesseract 3.04.00' />
  <meta name='ocr-capabilities' content='ocr_page ocr_carea ocr_par ocr_line ocrx_word'/>
</head>
<body>
  <div class='ocr_page' id='page_1' title='image "./monumentahistor04laszgoog/monumentahistor04laszgoog_0219.png"; bbox 0 0 3404 5362; ppageno 0'>
   <div class='ocr_carea' id='block_1_1' title="bbox 224 343 1096 429">
    <p class='ocr_par' dir='ltr' id='par_1_1' title="bbox 224 343 1096 429">
     <span class='ocr_line' id='line_1_1' title="bbox 224 343 1096 429; baseline -0.005 -21"><span class='ocrx_word' id='word_1_1' title='bbox 224 367 283 429; x_wconf 85' lang='lat'>¹70</span> <span class='ocrx_word' id='word_1_2' title='bbox 614 343 804 423; x_wconf 77' lang='lat' dir='ltr'>Ann01382</span> <span class='ocrx_word' id='word_1_3' title='bbox 838 379 881 388; x_wconf 93' lang='lat'>-</span> <span class='ocrx_word' id='word_1_4' title='bbox 904 359 955 405; x_wconf 86' lang='lat'>22.</span> <span class='ocrx_word' id='word_1_5' title='bbox 980 346 1096 418; x_wconf 76' lang='lat' dir='ltr'>aprilis.</span> 
     </span>
    </p>
   </div>
   <div class='ocr_carea' id='block_1_2' title="bbox 1246 448 1476 457">
    <p class='ocr_par' dir='ltr' id='par_1_2' title="bbox 1246 448 1476 457">
     <span class='ocr_line' id='line_1_2' title="bbox 1246 448 1476 457; baseline -0.009 0"><span class='ocrx_word' id='word_1_6' title='bbox 1246 448 1476 457; x_wconf 73' lang='lat' dir='ltr'>——a</span> 
     </span>
    </p>
   </div>
   <div class='ocr_carea' id='block_1_3' title="bbox 212 556 1486 4885">
    <p class='ocr_par' dir='ltr' id='par_1_3' title="bbox 218 556 1478 745">
     <span class='ocr_line' id='line_1_3' title="bbox 325 556 1478 638; baseline -0.003 -20"><span class='ocrx_word' id='word_1_7' title='bbox 325 558 404 620; x_wconf 92' lang='lat' dir='ltr'>Item</span> <span class='ocrx_word' id='word_1_8' title='bbox 429 558 537 619; x_wconf 90' lang='lat' dir='ltr'>Hanse</span> <span class='ocrx_word' id='word_1_9' title='bbox 563 557 749 619; x_wconf 90' lang='lat' dir='ltr'>Carintinus</span> <span class='ocrx_word' id='word_1_10' title='bbox 766 570 880 617; x_wconf 87' lang='lat' dir='ltr'>octavo</span> <span class='ocrx_word' id='word_1_11' title='bbox 912 557 963 618; x_wconf 87' lang='lat' dir='ltr'>die</span> <span class='ocrx_word' id='word_1_12' title='bbox 981 575 1080 637; x_wconf 89' lang='lat' dir='ltr'>penes</span> <span class='ocrx_word' id='word_1_13' title='bbox 1102 576 1175 616; x_wconf 89' lang='lat' dir='ltr'>suas</span> <span class='ocrx_word' id='word_1_14' title='bbox 1198 556 1307 617; x_wconf 83' lang='lat' dir='ltr'>literas</span> <span class='ocrx_word' id='word_1_15' title='bbox 1331 573 1478 638; x_wconf 87' lang='lat' dir='ltr'>supereo</span> 
     </span>
     <span class='ocr_line' id='line_1_4' title="bbox 218 661 1285 745; baseline -0.001 -20"><span class='ocrx_word' id='word_1_16' title='bbox 218 663 345 743; x_wconf 88' lang='lat' dir='ltr'>jurabit,</span> <span class='ocrx_word' id='word_1_17' title='bbox 369 664 458 745; x_wconf 91' lang='lat' dir='ltr'>quod</span> <span class='ocrx_word' id='word_1_18' title='bbox 484 665 549 745; x_wconf 90' lang='lat' dir='ltr'>ipse</span> <span class='ocrx_word' id='word_1_19' title='bbox 576 663 685 725; x_wconf 84' lang='lat' dir='ltr'><strong>Marco</strong></span> <span class='ocrx_word' id='word_1_20' title='bbox 710 661 777 724; x_wconf 87' lang='lat' dir='ltr'>lilio</span> <span class='ocrx_word' id='word_1_21' title='bbox 803 661 925 724; x_wconf 90' lang='lat' dir='ltr'>Gemez</span> <span class='ocrx_word' id='word_1_22' title='bbox 949 662 978 722; x_wconf 85' lang='grc' dir='ltr'>Χ</span> <span class='ocrx_word' id='word_1_23' title='bbox 1002 681 1125 723; x_wconf 83' lang='lat' dir='ltr'>marcas</span> <span class='ocrx_word' id='word_1_24' title='bbox 1149 661 1285 724; x_wconf 88' lang='lat' dir='ltr'>dederit.</span> 
     </span>
    </p>

    <p class='ocr_par' dir='ltr' id='par_1_4' title="bbox 218 768 1479 1064">
     <span class='ocr_line' id='line_1_5' title="bbox 325 768 1479 850; baseline -0.004 -20"><span class='ocrx_word' id='word_1_25' title='bbox 325 770 404 832; x_wconf 87' lang='lat' dir='ltr'>Item</span> <span class='ocrx_word' id='word_1_26' title='bbox 421 770 540 831; x_wconf 90' lang='lat' dir='ltr'>Paulus</span> <span class='ocrx_word' id='word_1_27' title='bbox 563 769 649 831; x_wconf 86' lang='lat' dir='ltr'>filius</span> <span class='ocrx_word' id='word_1_28' title='bbox 666 770 749 830; x_wconf 90' lang='lat' dir='ltr'>Petri</span> <span class='ocrx_word' id='word_1_29' title='bbox 767 789 823 850; x_wconf 89' lang='lat' dir='ltr'>per</span> <span class='ocrx_word' id='word_1_30' title='bbox 848 769 977 830; x_wconf 86' lang='lat' dir='ltr'>Petrum</span> <span class='ocrx_word' id='word_1_31' title='bbox 1002 768 1147 829; x_wconf 91' lang='lat' dir='ltr'>nobilem</span> <span class='ocrx_word' id='word_1_32' title='bbox 1172 780 1203 829; x_wconf 91' lang='lat' dir='ltr'>et</span> <span class='ocrx_word' id='word_1_33' title='bbox 1220 768 1348 849; x_wconf 88' lang='lat' dir='ltr'>Lepusa</span> <span class='ocrx_word' id='word_1_34' title='bbox 1373 781 1479 829; x_wconf 80' lang='lat' dir='ltr'>octavo</span> 
     </span>
     <span class='ocr_line' id='line_1_6' title="bbox 218 873 1476 958; baseline -0.002 -22"><span class='ocrx_word' id='word_1_35' title='bbox 218 877 269 938; x_wconf 91' lang='lat' dir='ltr'>die</span> <span class='ocrx_word' id='word_1_36' title='bbox 294 877 355 938; x_wconf 87' lang='lat' dir='ltr'>hoc</span> <span class='ocrx_word' id='word_1_37' title='bbox 379 877 537 953; x_wconf 89' lang='lat' dir='ltr'>atestabit‚</span> <span class='ocrx_word' id='word_1_38' title='bbox 562 877 649 958; x_wconf 92' lang='lat' dir='ltr'>quod</span> <span class='ocrx_word' id='word_1_39' title='bbox 674 877 734 937; x_wconf 92' lang='lat' dir='ltr'>sibi</span> <span class='ocrx_word' id='word_1_40' title='bbox 759 877 886 937; x_wconf 89' lang='lat' dir='ltr'>Marcus</span> <span class='ocrx_word' id='word_1_41' title='bbox 910 874 994 936; x_wconf 86' lang='lat' dir='ltr'>lilius</span> <span class='ocrx_word' id='word_1_42' title='bbox 1012 873 1115 936; x_wconf 90' lang='lat' dir='ltr'>Gmaz</span> <span class='ocrx_word' id='word_1_43' title='bbox 1137 888 1285 955; x_wconf 80' lang='lat' dir='ltr'>quartam</span> <span class='ocrx_word' id='word_1_44' title='bbox 1311 873 1476 934; x_wconf 86' lang='lat' dir='ltr'>dImidiam</span> 
     </span>
     <span class='ocr_line' id='line_1_7' title="bbox 218 980 1246 1064; baseline 0 -22"><span class='ocrx_word' id='word_1_45' title='bbox 218 1002 351 1064; x_wconf 85' lang='lat' dir='ltr'>pensam</span> <span class='ocrx_word' id='word_1_46' title='bbox 377 983 582 1044; x_wconf 89' lang='lat' dir='ltr'>denariorum</span> <span class='ocrx_word' id='word_1_47' title='bbox 608 982 830 1064; x_wconf 84' lang='lat' dir='ltr'>potencialiter</span> <span class='ocrx_word' id='word_1_48' title='bbox 855 982 886 1042; x_wconf 87' lang='lat' dir='ltr'>In</span> <span class='ocrx_word' id='word_1_49' title='bbox 911 981 1057 1062; x_wconf 92' lang='lat' dir='ltr'>hospicio</span> <span class='ocrx_word' id='word_1_50' title='bbox 1082 980 1246 1062; x_wconf 86' lang='lat' dir='ltr'>receperit.</span> 
     </span>
    </p>

    <p class='ocr_par' dir='ltr' id='par_1_5' title="bbox 217 1084 1483 1362">
     <span class='ocr_line' id='line_1_8' title="bbox 326 1084 1478 1170; baseline -0.005 -20"><span class='ocrx_word' id='word_1_51' title='bbox 326 1089 403 1150; x_wconf 89' lang='lat' dir='ltr'>Item</span> <span class='ocrx_word' id='word_1_52' title='bbox 429 1090 536 1150; x_wconf 87' lang='lat' dir='ltr'>Endre</span> <span class='ocrx_word' id='word_1_53' title='bbox 563 1089 628 1170; x_wconf 85' lang='lat' dir='ltr'>Syb</span> <span class='ocrx_word' id='word_1_54' title='bbox 654 1109 691 1148; x_wconf 80' lang='lat' dir='ltr'>ex</span> <span class='ocrx_word' id='word_1_55' title='bbox 715 1101 804 1169; x_wconf 91' lang='lat' dir='ltr'>parte</span> <span class='ocrx_word' id='word_1_56' title='bbox 829 1107 884 1148; x_wconf 93' lang='lat' dir='ltr'>sue</span> <span class='ocrx_word' id='word_1_57' title='bbox 906 1086 1073 1164; x_wconf 90' lang='lat' dir='ltr'>consortis,</span> <span class='ocrx_word' id='word_1_58' title='bbox 1099 1087 1189 1147; x_wconf 84' lang='lat' dir='ltr'>Luka</span> <span class='ocrx_word' id='word_1_59' title='bbox 1214 1085 1344 1147; x_wconf 89' lang='lat' dir='ltr'>Bonioli</span> <span class='ocrx_word' id='word_1_60' title='bbox 1370 1099 1401 1146; x_wconf 91' lang='lat' dir='ltr'>et</span> <span class='ocrx_word' id='word_1_61' title='bbox 1424 1084 1478 1145; x_wconf 93' lang='lat' dir='ltr'>do·</span> 
     </span>
     <span class='ocr_line' id='line_1_9' title="bbox 219 1189 1483 1276; baseline -0.005 -21"><span class='ocrx_word' id='word_1_62' title='bbox 219 1194 305 1255; x_wconf 90' lang='lat' dir='ltr'>mine</span> <span class='ocrx_word' id='word_1_63' title='bbox 323 1195 481 1256; x_wconf 88' lang='lat' dir='ltr'>consortis</span> <span class='ocrx_word' id='word_1_64' title='bbox 504 1214 570 1271; x_wconf 87' lang='lat' dir='ltr'>sue,</span> <span class='ocrx_word' id='word_1_65' title='bbox 595 1208 741 1276; x_wconf 88' lang='lat' dir='ltr'>presente</span> <span class='ocrx_word' id='word_1_66' title='bbox 765 1213 831 1255; x_wconf 91' lang='lat' dir='ltr'>uno</span> <span class='ocrx_word' id='word_1_67' title='bbox 850 1193 964 1273; x_wconf 83' lang='lat' dir='ltr'>jurato,</span> <span class='ocrx_word' id='word_1_68' title='bbox 990 1210 1091 1273; x_wconf 87' lang='lat' dir='ltr'>usque</span> <span class='ocrx_word' id='word_1_69' title='bbox 1113 1205 1263 1253; x_wconf 85' lang='lat' dir='ltr'>octavum</span> <span class='ocrx_word' id='word_1_70' title='bbox 1288 1190 1377 1251; x_wconf 91' lang='lat' dir='ltr'>diem</span> <span class='ocrx_word' id='word_1_71' title='bbox 1402 1189 1483 1271; x_wconf 79' lang='lat' dir='ltr'>justi·</span> 
     </span>
     <span class='ocr_line' id='line_1_10' title="bbox 217 1300 580 1362; baseline 0.003 -1"><span class='ocrx_word' id='word_1_72' title='bbox 217 1301 299 1361; x_wconf 90' lang='lat' dir='ltr'>ciam</span> <span class='ocrx_word' id='word_1_73' title='bbox 325 1300 426 1362; x_wconf 89' lang='lat' dir='ltr'>facere</span> <span class='ocrx_word' id='word_1_74' title='bbox 452 1302 580 1362; x_wconf 90' lang='lat' dir='ltr'>debent.</span> 
     </span>
    </p>

    <p class='ocr_par' dir='ltr' id='par_1_6' title="bbox 216 1402 1480 1594">
     <span class='ocr_line' id='line_1_11' title="bbox 324 1402 1480 1467; baseline -0.005 -1"><span class='ocrx_word' id='word_1_75' title='bbox 324 1406 402 1466; x_wconf 92' lang='lat' dir='ltr'>Item</span> <span class='ocrx_word' id='word_1_76' title='bbox 426 1406 512 1467; x_wconf 84' lang='lat' dir='ltr'>lwan</span> <span class='ocrx_word' id='word_1_77' title='bbox 538 1406 640 1467; x_wconf 84' lang='lat' dir='ltr'>Joffan</span> <span class='ocrx_word' id='word_1_78' title='bbox 665 1419 774 1467; x_wconf 90' lang='lat' dir='ltr'>contra</span> <span class='ocrx_word' id='word_1_79' title='bbox 799 1406 956 1467; x_wconf 81' lang='lat' dir='ltr'>Iacobum</span> <span class='ocrx_word' id='word_1_80' title='bbox 980 1403 1162 1466; x_wconf 87' lang='lat' dir='ltr'>carnificem</span> <span class='ocrx_word' id='word_1_81' title='bbox 1187 1402 1330 1464; x_wconf 88' lang='lat' dir='ltr'>secundo</span> <span class='ocrx_word' id='word_1_82' title='bbox 1371 1402 1480 1463; x_wconf 88' lang='lat' dir='ltr'>citatus</span> 
     </span>
     <span class='ocr_line' id='line_1_12' title="bbox 216 1513 497 1594; baseline 0.004 -22"><span class='ocrx_word' id='word_1_83' title='bbox 216 1531 282 1572; x_wconf 91' lang='lat' dir='ltr'>non</span> <span class='ocrx_word' id='word_1_84' title='bbox 307 1513 497 1594; x_wconf 85' lang='lat' dir='ltr'>comparuit.</span> 
     </span>
    </p>

    <p class='ocr_par' dir='ltr' id='par_1_7' title="bbox 217 1615 1481 1805">
     <span class='ocr_line' id='line_1_13' title="bbox 322 1615 1481 1699; baseline -0.003 -21"><span class='ocrx_word' id='word_1_85' title='bbox 322 1618 400 1679; x_wconf 91' lang='lat' dir='ltr'>Item</span> <span class='ocrx_word' id='word_1_86' title='bbox 437 1617 589 1680; x_wconf 83' lang='lat' dir='ltr'>Clemens</span> <span class='ocrx_word' id='word_1_87' title='bbox 621 1633 731 1680; x_wconf 92' lang='lat' dir='ltr'>contra</span> <span class='ocrx_word' id='word_1_88' title='bbox 768 1618 905 1679; x_wconf 88' lang='lat' dir='ltr'>Paulum</span> <span class='ocrx_word' id='word_1_89' title='bbox 937 1618 1093 1699; x_wconf 85' lang='lat' dir='ltr'>pictorem</span> <span class='ocrx_word' id='word_1_90' title='bbox 1129 1617 1234 1698; x_wconf 93' lang='lat' dir='ltr'>primo</span> <span class='ocrx_word' id='word_1_91' title='bbox 1271 1615 1387 1677; x_wconf 90' lang='lat' dir='ltr'>citatus</span> <span class='ocrx_word' id='word_1_92' title='bbox 1420 1634 1481 1676; x_wconf 90' lang='lat' dir='ltr'>non</span> 
     </span>
     <span class='ocr_line' id='line_1_14' title="bbox 217 1726 405 1805; baseline 0.011 -20"><span class='ocrx_word' id='word_1_93' title='bbox 217 1726 405 1805; x_wconf 87' lang='lat' dir='ltr'>comparuit.</span> 
     </span>
    </p>

    <p class='ocr_par' dir='ltr' id='par_1_8' title="bbox 215 1826 1483 2229">
     <span class='ocr_line' id='line_1_15' title="bbox 323 1826 1482 1910; baseline -0.003 -20"><span class='ocrx_word' id='word_1_94' title='bbox 323 1830 401 1891; x_wconf 93' lang='lat' dir='ltr'>Item</span> <span class='ocrx_word' id='word_1_95' title='bbox 426 1850 518 1890; x_wconf 90' lang='lat' dir='ltr'>causa</span> <span class='ocrx_word' id='word_1_96' title='bbox 544 1830 688 1891; x_wconf 89' lang='lat' dir='ltr'>mulieris</span> <span class='ocrx_word' id='word_1_97' title='bbox 712 1831 817 1890; x_wconf 83' lang='lat' dir='ltr'>lwane</span> <span class='ocrx_word' id='word_1_98' title='bbox 842 1841 951 1890; x_wconf 89' lang='lat' dir='ltr'>contra</span> <span class='ocrx_word' id='word_1_99' title='bbox 970 1827 1165 1910; x_wconf 91' lang='lat' dir='ltr'>Gregorium</span> <span class='ocrx_word' id='word_1_100' title='bbox 1183 1826 1314 1889; x_wconf 82' lang='lat' dir='ltr'>fratrem</span> <span class='ocrx_word' id='word_1_101' title='bbox 1334 1826 1482 1888; x_wconf 89' lang='lat' dir='ltr'>Damiani</span> 
     </span>
     <span class='ocr_line' id='line_1_16' title="bbox 216 1931 1483 2018; baseline -0.004 -21"><span class='ocrx_word' id='word_1_102' title='bbox 216 1938 255 1997; x_wconf 94' lang='lat' dir='ltr'>ad</span> <span class='ocrx_word' id='word_1_103' title='bbox 281 1951 430 1999; x_wconf 84' lang='lat' dir='ltr'>octavum</span> <span class='ocrx_word' id='word_1_104' title='bbox 455 1937 540 1998; x_wconf 80' lang='lat' dir='ltr'>dlem</span> <span class='ocrx_word' id='word_1_105' title='bbox 574 1936 614 1997; x_wconf 93' lang='lat' dir='ltr'>ad</span> <span class='ocrx_word' id='word_1_106' title='bbox 646 1956 759 2018; x_wconf 89' lang='lat' dir='ltr'>pacem</span> <span class='ocrx_word' id='word_1_107' title='bbox 791 1949 837 1995; x_wconf 90' lang='lat' dir='ltr'>est</span> <span class='ocrx_word' id='word_1_108' title='bbox 869 1949 996 2016; x_wconf 90' lang='lat' dir='ltr'>recepta</span> <span class='ocrx_word' id='word_1_109' title='bbox 1030 1935 1084 2013; x_wconf 82' lang='lat' dir='ltr'>ita,</span> <span class='ocrx_word' id='word_1_110' title='bbox 1116 1934 1255 2016; x_wconf 90' lang='lat' dir='ltr'>quodsi</span> <span class='ocrx_word' id='word_1_111' title='bbox 1280 1953 1342 2015; x_wconf 82' lang='lat' dir='ltr'>pax</span> <span class='ocrx_word' id='word_1_112' title='bbox 1368 1931 1483 2015; x_wconf 89' lang='lat' dir='ltr'>poterit</span> 
     </span>
     <span class='ocr_line' id='line_1_17' title="bbox 216 2039 1483 2124; baseline -0.006 -19"><span class='ocrx_word' id='word_1_113' title='bbox 216 2063 295 2121; x_wconf 89' lang='lat' dir='ltr'>esse,</span> <span class='ocrx_word' id='word_1_114' title='bbox 319 2045 400 2103; x_wconf 91' lang='lat' dir='ltr'>bene</span> <span class='ocrx_word' id='word_1_115' title='bbox 425 2043 569 2124; x_wconf 89' lang='lat' dir='ltr'>quidem,</span> <span class='ocrx_word' id='word_1_116' title='bbox 593 2042 739 2122; x_wconf 91' lang='lat' dir='ltr'>alioquin</span> <span class='ocrx_word' id='word_1_117' title='bbox 763 2041 829 2123; x_wconf 92' lang='lat' dir='ltr'>ipse</span> <span class='ocrx_word' id='word_1_118' title='bbox 850 2042 908 2102; x_wconf 87' lang='lat' dir='ltr'>sub</span> <span class='ocrx_word' id='word_1_119' title='bbox 933 2061 1016 2122; x_wconf 89' lang='lat' dir='ltr'>pena</span> <span class='ocrx_word' id='word_1_120' title='bbox 1034 2040 1144 2102; x_wconf 90' lang='lat' dir='ltr'>decem</span> <span class='ocrx_word' id='word_1_121' title='bbox 1171 2057 1352 2100; x_wconf 89' lang='lat' dir='ltr'>marcarum</span> <span class='ocrx_word' id='word_1_122' title='bbox 1378 2039 1483 2100; x_wconf 87' lang='lat' dir='ltr'>literas</span> 
     </span>
     <span class='ocr_line' id='line_1_18' title="bbox 215 2147 762 2229; baseline 0 -21"><span class='ocrx_word' id='word_1_123' title='bbox 215 2168 289 2208; x_wconf 90' lang='lat' dir='ltr'>suas</span> <span class='ocrx_word' id='word_1_124' title='bbox 313 2149 461 2229; x_wconf 90' lang='lat' dir='ltr'>antiquas</span> <span class='ocrx_word' id='word_1_125' title='bbox 485 2148 633 2209; x_wconf 84' lang='lat' dir='ltr'>exhibere</span> <span class='ocrx_word' id='word_1_126' title='bbox 659 2147 762 2208; x_wconf 89' lang='lat' dir='ltr'>debet.</span> 
     </span>
    </p>

    <p class='ocr_par' dir='ltr' id='par_1_9' title="bbox 215 2251 1486 2441">
     <span class='ocr_line' id='line_1_19' title="bbox 323 2251 1486 2333; baseline -0.004 -19"><span class='ocrx_word' id='word_1_127' title='bbox 323 2254 401 2314; x_wconf 91' lang='lat' dir='ltr'>Item</span> <span class='ocrx_word' id='word_1_128' title='bbox 439 2253 563 2314; x_wconf 87' lang='lat' dir='ltr'>Malech</span> <span class='ocrx_word' id='word_1_129' title='bbox 599 2253 740 2313; x_wconf 85' lang='lat' dir='ltr'>salivena</span> <span class='ocrx_word' id='word_1_130' title='bbox 773 2266 883 2312; x_wconf 91' lang='lat' dir='ltr'>contra</span> <span class='ocrx_word' id='word_1_131' title='bbox 921 2252 1096 2313; x_wconf 90' lang='lat' dir='ltr'>Bedicham</span> <span class='ocrx_word' id='word_1_132' title='bbox 1128 2251 1233 2333; x_wconf 90' lang='lat' dir='ltr'>primo</span> <span class='ocrx_word' id='word_1_133' title='bbox 1270 2251 1386 2312; x_wconf 74' lang='lat' dir='ltr'>citatus</span> <span class='ocrx_word' id='word_1_134' title='bbox 1421 2268 1486 2310; x_wconf 90' lang='lat' dir='ltr'>non</span> 
     </span>
     <span class='ocr_line' id='line_1_20' title="bbox 215 2360 404 2441; baseline 0.005 -20"><span class='ocrx_word' id='word_1_135' title='bbox 215 2360 404 2441; x_wconf 87' lang='lat' dir='ltr'>comparuit.</span> 
     </span>
    </p>

    <p class='ocr_par' dir='ltr' id='par_1_10' title="bbox 216 2462 1485 2652">
     <span class='ocr_line' id='line_1_21' title="bbox 321 2462 1485 2546; baseline -0.003 -20"><span class='ocrx_word' id='word_1_136' title='bbox 321 2466 399 2526; x_wconf 90' lang='lat' dir='ltr'>Item</span> <span class='ocrx_word' id='word_1_137' title='bbox 432 2465 570 2546; x_wconf 88' lang='lat' dir='ltr'>Maphya</span> <span class='ocrx_word' id='word_1_138' title='bbox 603 2479 712 2525; x_wconf 89' lang='lat' dir='ltr'>contra</span> <span class='ocrx_word' id='word_1_139' title='bbox 745 2465 888 2525; x_wconf 89' lang='lat' dir='ltr'>Marcum</span> <span class='ocrx_word' id='word_1_140' title='bbox 921 2462 1023 2525; x_wconf 89' lang='lat' dir='ltr'>lilium</span> <span class='ocrx_word' id='word_1_141' title='bbox 1057 2463 1206 2525; x_wconf 88' lang='lat' dir='ltr'>Damiani</span> <span class='ocrx_word' id='word_1_142' title='bbox 1230 2464 1337 2545; x_wconf 93' lang='lat' dir='ltr'>primo</span> <span class='ocrx_word' id='word_1_143' title='bbox 1371 2463 1485 2524; x_wconf 87' lang='lat' dir='ltr'>citatus</span> 
     </span>
     <span class='ocr_line' id='line_1_22' title="bbox 216 2572 497 2652; baseline 0 -20"><span class='ocrx_word' id='word_1_144' title='bbox 216 2580 281 2632; x_wconf 84' lang='lat' dir='ltr'>non</span> <span class='ocrx_word' id='word_1_145' title='bbox 308 2572 497 2652; x_wconf 87' lang='lat' dir='ltr'>comparuit.</span> 
     </span>
    </p>

    <p class='ocr_par' dir='ltr' id='par_1_11' title="bbox 321 2676 1070 2757">
     <span class='ocr_line' id='line_1_23' title="bbox 321 2676 1070 2757; baseline 0.003 -19"><span class='ocrx_word' id='word_1_146' title='bbox 321 2678 399 2738; x_wconf 90' lang='lat' dir='ltr'>Item</span> <span class='ocrx_word' id='word_1_147' title='bbox 424 2676 489 2738; x_wconf 88' lang='lat' dir='ltr'>lilia</span> <span class='ocrx_word' id='word_1_148' title='bbox 513 2678 596 2736; x_wconf 87' lang='lat' dir='ltr'>Rees</span> <span class='ocrx_word' id='word_1_149' title='bbox 621 2697 676 2757; x_wconf 90' lang='lat' dir='ltr'>per</span> <span class='ocrx_word' id='word_1_150' title='bbox 700 2677 880 2738; x_wconf 85' lang='lat' dir='ltr'>Iohannem</span> <span class='ocrx_word' id='word_1_151' title='bbox 905 2691 1070 2740; x_wconf 89' lang='lat' dir='ltr'>sartorem.</span> 
     </span>
    </p>

    <p class='ocr_par' dir='ltr' id='par_1_12' title="bbox 216 2781 1484 3076">
     <span class='ocr_line' id='line_1_24' title="bbox 321 2781 1483 2864; baseline -0.001 -20"><span class='ocrx_word' id='word_1_152' title='bbox 321 2784 399 2844; x_wconf 88' lang='lat' dir='ltr'>Item</span> <span class='ocrx_word' id='word_1_153' title='bbox 424 2781 488 2843; x_wconf 87' lang='lat' dir='ltr'>lilia</span> <span class='ocrx_word' id='word_1_154' title='bbox 514 2783 596 2843; x_wconf 88' lang='lat' dir='ltr'>Rees</span> <span class='ocrx_word' id='word_1_155' title='bbox 628 2802 684 2863; x_wconf 91' lang='lat' dir='ltr'>per</span> <span class='ocrx_word' id='word_1_156' title='bbox 709 2797 805 2844; x_wconf 90' lang='lat' dir='ltr'>testes</span> <span class='ocrx_word' id='word_1_157' title='bbox 828 2797 942 2844; x_wconf 87' lang='lat' dir='ltr'>octavo</span> <span class='ocrx_word' id='word_1_158' title='bbox 974 2783 1025 2844; x_wconf 91' lang='lat' dir='ltr'>die</span> <span class='ocrx_word' id='word_1_159' title='bbox 1057 2783 1235 2864; x_wconf 91' lang='lat' dir='ltr'>producere</span> <span class='ocrx_word' id='word_1_160' title='bbox 1260 2781 1368 2860; x_wconf 89' lang='lat' dir='ltr'>debet,</span> <span class='ocrx_word' id='word_1_161' title='bbox 1394 2781 1483 2863; x_wconf 93' lang='lat' dir='ltr'>quod</span> 
     </span>
     <span class='ocr_line' id='line_1_25' title="bbox 216 2887 1484 2970; baseline -0.001 -21"><span class='ocrx_word' id='word_1_162' title='bbox 216 2889 317 2969; x_wconf 84' lang='lat' dir='ltr'>ipsam</span> <span class='ocrx_word' id='word_1_163' title='bbox 345 2889 485 2970; x_wconf 90' lang='lat' dir='ltr'>Stephek</span> <span class='ocrx_word' id='word_1_164' title='bbox 510 2907 604 2949; x_wconf 87' lang='lat' dir='ltr'>nosar</span> <span class='ocrx_word' id='word_1_165' title='bbox 633 2902 663 2949; x_wconf 91' lang='lat' dir='ltr'>et</span> <span class='ocrx_word' id='word_1_166' title='bbox 696 2887 827 2949; x_wconf 91' lang='lat' dir='ltr'>domina</span> <span class='ocrx_word' id='word_1_167' title='bbox 860 2908 991 2949; x_wconf 90' lang='lat' dir='ltr'>consors</span> <span class='ocrx_word' id='word_1_168' title='bbox 1022 2907 1079 2949; x_wconf 90' lang='lat' dir='ltr'>sua</span> <span class='ocrx_word' id='word_1_169' title='bbox 1112 2888 1326 2969; x_wconf 86' lang='lat' dir='ltr'>percusserint</span> <span class='ocrx_word' id='word_1_170' title='bbox 1350 2902 1382 2949; x_wconf 87' lang='lat' dir='ltr'>et</span> <span class='ocrx_word' id='word_1_171' title='bbox 1403 2889 1484 2948; x_wconf 91' lang='lat' dir='ltr'>vitu·</span> 
     </span>
     <span class='ocr_line' id='line_1_26' title="bbox 216 2995 407 3076; baseline 0.021 -22"><span class='ocrx_word' id='word_1_172' title='bbox 216 2995 407 3076; x_wconf 91' lang='lat' dir='ltr'>peraverint.</span> 
     </span>
    </p>

    <p class='ocr_par' dir='ltr' id='par_1_13' title="bbox 215 3098 1483 3287">
     <span class='ocr_line' id='line_1_27' title="bbox 320 3098 1483 3180; baseline 0 -20"><span class='ocrx_word' id='word_1_173' title='bbox 320 3100 399 3160; x_wconf 91' lang='lat' dir='ltr'>Item</span> <span class='ocrx_word' id='word_1_174' title='bbox 424 3099 577 3160; x_wconf 88' lang='lat' dir='ltr'>Nicolaus</span> <span class='ocrx_word' id='word_1_175' title='bbox 601 3098 838 3162; x_wconf 89' lang='lat' dir='ltr'>Chernechneti</span> <span class='ocrx_word' id='word_1_176' title='bbox 863 3114 972 3162; x_wconf 90' lang='lat' dir='ltr'>contra</span> <span class='ocrx_word' id='word_1_177' title='bbox 1004 3100 1182 3180; x_wconf 85' lang='lat' dir='ltr'>Georgium</span> <span class='ocrx_word' id='word_1_178' title='bbox 1206 3098 1351 3160; x_wconf 87' lang='lat' dir='ltr'>secundo</span> <span class='ocrx_word' id='word_1_179' title='bbox 1369 3099 1483 3161; x_wconf 88' lang='lat' dir='ltr'>citatus</span> 
     </span>
     <span class='ocr_line' id='line_1_28' title="bbox 215 3207 494 3287; baseline 0.007 -20"><span class='ocrx_word' id='word_1_180' title='bbox 215 3226 280 3268; x_wconf 91' lang='lat' dir='ltr'>non</span> <span class='ocrx_word' id='word_1_181' title='bbox 305 3207 494 3287; x_wconf 90' lang='lat' dir='ltr'>comparuit.</span> 
     </span>
    </p>

    <p class='ocr_par' dir='ltr' id='par_1_14' title="bbox 214 3312 1485 3501">
     <span class='ocr_line' id='line_1_29' title="bbox 321 3312 1485 3395; baseline 0.003 -22"><span class='ocrx_word' id='word_1_182' title='bbox 321 3312 399 3375; x_wconf 90' lang='lat' dir='ltr'>Item</span> <span class='ocrx_word' id='word_1_183' title='bbox 432 3332 526 3374; x_wconf 90' lang='lat' dir='ltr'>causa</span> <span class='ocrx_word' id='word_1_184' title='bbox 560 3313 675 3374; x_wconf 89' lang='lat' dir='ltr'>Mireni</span> <span class='ocrx_word' id='word_1_185' title='bbox 705 3327 815 3374; x_wconf 88' lang='lat' dir='ltr'>contra</span> <span class='ocrx_word' id='word_1_186' title='bbox 849 3312 1027 3394; x_wconf 82' lang='lat' dir='ltr'>Georgium</span> <span class='ocrx_word' id='word_1_187' title='bbox 1060 3334 1116 3395; x_wconf 89' lang='lat' dir='ltr'>per</span> <span class='ocrx_word' id='word_1_188' title='bbox 1139 3327 1236 3375; x_wconf 87' lang='lat' dir='ltr'>testes</span> <span class='ocrx_word' id='word_1_189' title='bbox 1267 3313 1308 3373; x_wconf 92' lang='lat' dir='ltr'>ad</span> <span class='ocrx_word' id='word_1_190' title='bbox 1333 3328 1485 3376; x_wconf 89' lang='lat' dir='ltr'>octavum</span> 
     </span>
     <span class='ocr_line' id='line_1_30' title="bbox 214 3419 736 3501; baseline 0.004 -23"><span class='ocrx_word' id='word_1_191' title='bbox 214 3419 300 3480; x_wconf 91' lang='lat' dir='ltr'>diem</span> <span class='ocrx_word' id='word_1_192' title='bbox 326 3419 365 3479; x_wconf 92' lang='lat' dir='ltr'>ad</span> <span class='ocrx_word' id='word_1_193' title='bbox 389 3437 499 3499; x_wconf 90' lang='lat' dir='ltr'>pacem</span> <span class='ocrx_word' id='word_1_194' title='bbox 525 3434 572 3480; x_wconf 90' lang='lat' dir='ltr'>est</span> <span class='ocrx_word' id='word_1_195' title='bbox 599 3434 736 3501; x_wconf 91' lang='lat' dir='ltr'>recepta.</span> 
     </span>
    </p>

    <p class='ocr_par' dir='ltr' id='par_1_15' title="bbox 213 3524 1482 3711">
     <span class='ocr_line' id='line_1_31' title="bbox 320 3524 1482 3607; baseline 0.003 -23"><span class='ocrx_word' id='word_1_196' title='bbox 320 3524 398 3584; x_wconf 92' lang='lat' dir='ltr'>Item</span> <span class='ocrx_word' id='word_1_197' title='bbox 424 3524 553 3587; x_wconf 83' lang='lat' dir='ltr'>Lachko</span> <span class='ocrx_word' id='word_1_198' title='bbox 587 3525 752 3607; x_wconf 89' lang='lat' dir='ltr'>Borchych</span> <span class='ocrx_word' id='word_1_199' title='bbox 777 3539 887 3586; x_wconf 91' lang='lat' dir='ltr'>contra</span> <span class='ocrx_word' id='word_1_200' title='bbox 921 3524 1069 3605; x_wconf 64' lang='lat' dir='ltr'>Perre)nd</span> <span class='ocrx_word' id='word_1_201' title='bbox 1102 3524 1245 3586; x_wconf 90' lang='lat' dir='ltr'>secundo</span> <span class='ocrx_word' id='word_1_202' title='bbox 1277 3526 1392 3587; x_wconf 90' lang='lat' dir='ltr'>citatus</span> <span class='ocrx_word' id='word_1_203' title='bbox 1416 3546 1482 3588; x_wconf 89' lang='lat' dir='ltr'>non</span> 
     </span>
     <span class='ocr_line' id='line_1_32' title="bbox 213 3632 402 3711; baseline 0.011 -20"><span class='ocrx_word' id='word_1_204' title='bbox 213 3632 402 3711; x_wconf 90' lang='lat' dir='ltr'>comparuit.</span> 
     </span>
    </p>

    <p class='ocr_par' dir='ltr' id='par_1_16' title="bbox 321 3736 1482 3821">
     <span class='ocr_line' id='line_1_33' title="bbox 321 3736 1482 3821; baseline 0.005 -25"><span class='ocrx_word' id='word_1_205' title='bbox 321 3736 398 3798; x_wconf 92' lang='lat' dir='ltr'>Item</span> <span class='ocrx_word' id='word_1_206' title='bbox 424 3738 576 3798; x_wconf 91' lang='lat' dir='ltr'>Nicolaus</span> <span class='ocrx_word' id='word_1_207' title='bbox 593 3736 710 3818; x_wconf 85' lang='lat' dir='ltr'>figulus</span> <span class='ocrx_word' id='word_1_208' title='bbox 727 3753 836 3800; x_wconf 89' lang='lat' dir='ltr'>contra</span> <span class='ocrx_word' id='word_1_209' title='bbox 862 3739 928 3800; x_wconf 91' lang='lat' dir='ltr'>luri</span> <span class='ocrx_word' id='word_1_210' title='bbox 948 3738 1053 3819; x_wconf 92' lang='lat' dir='ltr'>primo</span> <span class='ocrx_word' id='word_1_211' title='bbox 1076 3739 1189 3799; x_wconf 92' lang='lat' dir='ltr'>citatus</span> <span class='ocrx_word' id='word_1_212' title='bbox 1205 3758 1271 3800; x_wconf 91' lang='lat' dir='ltr'>non</span> <span class='ocrx_word' id='word_1_213' title='bbox 1290 3741 1482 3821; x_wconf 89' lang='lat' dir='ltr'>comparuit.</span> 
     </span>
    </p>

    <p class='ocr_par' dir='ltr' id='par_1_17' title="bbox 212 3842 1482 4029">
     <span class='ocr_line' id='line_1_34' title="bbox 321 3842 1482 3927; baseline 0.005 -26"><span class='ocrx_word' id='word_1_214' title='bbox 321 3842 398 3902; x_wconf 89' lang='lat' dir='ltr'>Item</span> <span class='ocrx_word' id='word_1_215' title='bbox 432 3842 615 3904; x_wconf 77' lang='lat' dir='ltr'>Anthonius</span> <span class='ocrx_word' id='word_1_216' title='bbox 649 3858 738 3907; x_wconf 88' lang='lat' dir='ltr'>sutor</span> <span class='ocrx_word' id='word_1_217' title='bbox 769 3844 903 3906; x_wconf 92' lang='lat' dir='ltr'>domino</span> <span class='ocrx_word' id='word_1_218' title='bbox 937 3844 1072 3924; x_wconf 88' lang='lat' dir='ltr'>Symoni</span> <span class='ocrx_word' id='word_1_219' title='bbox 1105 3844 1343 3926; x_wconf 89' lang='lat' dir='ltr'>archydiacono</span> <span class='ocrx_word' id='word_1_220' title='bbox 1381 3865 1482 3927; x_wconf 91' lang='lat' dir='ltr'>usque</span> 
     </span>
     <span class='ocr_line' id='line_1_35' title="bbox 212 3948 1144 4029; baseline 0.005 -22"><span class='ocrx_word' id='word_1_221' title='bbox 212 3948 393 4029; x_wconf 91' lang='lat' dir='ltr'>quindenas</span> <span class='ocrx_word' id='word_1_222' title='bbox 418 3963 490 4009; x_wconf 92' lang='lat' dir='ltr'>octo</span> <span class='ocrx_word' id='word_1_223' title='bbox 514 3968 630 4029; x_wconf 90' lang='lat' dir='ltr'>pensas</span> <span class='ocrx_word' id='word_1_224' title='bbox 655 3950 864 4012; x_wconf 90' lang='lat' dir='ltr'>denariorum</span> <span class='ocrx_word' id='word_1_225' title='bbox 887 3950 1012 4012; x_wconf 85' lang='lat' dir='ltr'>solvere</span> <span class='ocrx_word' id='word_1_226' title='bbox 1037 3950 1144 4012; x_wconf 91' lang='lat' dir='ltr'>debet.</span> 
     </span>
    </p>

    <p class='ocr_par' dir='ltr' id='par_1_18' title="bbox 214 4053 1481 4241">
     <span class='ocr_line' id='line_1_36' title="bbox 319 4053 1481 4138; baseline 0.003 -24"><span class='ocrx_word' id='word_1_227' title='bbox 319 4053 397 4115; x_wconf 91' lang='lat' dir='ltr'>Item</span> <span class='ocrx_word' id='word_1_228' title='bbox 423 4055 556 4116; x_wconf 89' lang='lat' dir='ltr'>Hanche</span> <span class='ocrx_word' id='word_1_229' title='bbox 578 4055 765 4117; x_wconf 89' lang='lat' dir='ltr'>Carintinus</span> <span class='ocrx_word' id='word_1_230' title='bbox 789 4071 899 4118; x_wconf 93' lang='lat' dir='ltr'>contra</span> <span class='ocrx_word' id='word_1_231' title='bbox 917 4071 1099 4118; x_wconf 88' lang='lat' dir='ltr'>consortem</span> <span class='ocrx_word' id='word_1_232' title='bbox 1124 4056 1218 4117; x_wconf 88' lang='lat' dir='ltr'>Blask</span> <span class='ocrx_word' id='word_1_233' title='bbox 1243 4057 1349 4138; x_wconf 88' lang='lat' dir='ltr'>primo</span> <span class='ocrx_word' id='word_1_234' title='bbox 1367 4057 1481 4119; x_wconf 87' lang='lat' dir='ltr'>citatus</span> 
     </span>
     <span class='ocr_line' id='line_1_37' title="bbox 214 4161 502 4241; baseline 0.003 -21"><span class='ocrx_word' id='word_1_235' title='bbox 214 4179 279 4221; x_wconf 92' lang='lat' dir='ltr'>non</span> <span class='ocrx_word' id='word_1_236' title='bbox 312 4161 502 4241; x_wconf 89' lang='lat' dir='ltr'>comparuit.</span> 
     </span>
    </p>

    <p class='ocr_par' dir='ltr' id='par_1_19' title="bbox 212 4267 1482 4885">
     <span class='ocr_line' id='line_1_38' title="bbox 319 4267 1482 4349; baseline 0.004 -22"><span class='ocrx_word' id='word_1_237' title='bbox 319 4267 396 4328; x_wconf 90' lang='lat' dir='ltr'>Item</span> <span class='ocrx_word' id='word_1_238' title='bbox 422 4267 510 4347; x_wconf 90' lang='lat' dir='ltr'>quod</span> <span class='ocrx_word' id='word_1_239' title='bbox 535 4268 611 4348; x_wconf 92' lang='lat' dir='ltr'>quia</span> <span class='ocrx_word' id='word_1_240' title='bbox 629 4267 780 4330; x_wconf 88' lang='lat' dir='ltr'>dominus</span> <span class='ocrx_word' id='word_1_241' title='bbox 804 4270 982 4331; x_wconf 85' lang='lat' dir='ltr'>Jacomello</span> <span class='ocrx_word' id='word_1_242' title='bbox 1000 4270 1139 4331; x_wconf 89' lang='lat' dir='ltr'>condam</span> <span class='ocrx_word' id='word_1_243' title='bbox 1157 4269 1253 4349; x_wconf 82' lang='lat' dir='ltr'>judex</span> <span class='ocrx_word' id='word_1_244' title='bbox 1278 4271 1310 4331; x_wconf 84' lang='lat' dir='ltr'>In</span> <span class='ocrx_word' id='word_1_245' title='bbox 1329 4271 1482 4332; x_wconf 91' lang='lat' dir='ltr'>omnibus</span> 
     </span>
     <span class='ocr_line' id='line_1_39' title="bbox 212 4373 1481 4458; baseline 0.006 -25"><span class='ocrx_word' id='word_1_246' title='bbox 212 4373 326 4449; x_wconf 90' lang='lat' dir='ltr'>causis,</span> <span class='ocrx_word' id='word_1_247' title='bbox 351 4392 430 4453; x_wconf 90' lang='lat' dir='ltr'>quas</span> <span class='ocrx_word' id='word_1_248' title='bbox 454 4392 565 4434; x_wconf 90' lang='lat' dir='ltr'>causas</span> <span class='ocrx_word' id='word_1_249' title='bbox 590 4373 767 4454; x_wconf 84' lang='lat' dir='ltr'>Gregorius</span> <span class='ocrx_word' id='word_1_250' title='bbox 799 4374 883 4436; x_wconf 86' lang='lat' dir='ltr'>lilius</span> <span class='ocrx_word' id='word_1_251' title='bbox 916 4376 1072 4437; x_wconf 86' lang='lat' dir='ltr'>Iohannis</span> <span class='ocrx_word' id='word_1_252' title='bbox 1103 4377 1233 4439; x_wconf 91' lang='lat' dir='ltr'>racione</span> <span class='ocrx_word' id='word_1_253' title='bbox 1266 4379 1481 4458; x_wconf 88' lang='lat' dir='ltr'>quarumdam</span> 
     </span>
     <span class='ocr_line' id='line_1_40' title="bbox 214 4481 1482 4566; baseline 0.006 -28"><span class='ocrx_word' id='word_1_254' title='bbox 214 4498 320 4539; x_wconf 90' lang='lat' dir='ltr'>rerum</span> <span class='ocrx_word' id='word_1_255' title='bbox 346 4499 402 4540; x_wconf 91' lang='lat' dir='ltr'>seu</span> <span class='ocrx_word' id='word_1_256' title='bbox 427 4481 587 4540; x_wconf 89' lang='lat' dir='ltr'>bonorum</span> <span class='ocrx_word' id='word_1_257' title='bbox 621 4499 684 4561; x_wconf 90' lang='lat' dir='ltr'>que</span> <span class='ocrx_word' id='word_1_258' title='bbox 717 4481 854 4542; x_wconf 91' lang='lat' dir='ltr'>condam</span> <span class='ocrx_word' id='word_1_259' title='bbox 879 4482 1008 4543; x_wconf 87' lang='lat' dir='ltr'>Martini</span> <span class='ocrx_word' id='word_1_260' title='bbox 1042 4483 1158 4544; x_wconf 90' lang='lat' dir='ltr'>Katiue</span> <span class='ocrx_word' id='word_1_261' title='bbox 1191 4482 1395 4565; x_wconf 84' lang='lat' dir='ltr'>prefuissent,</span> <span class='ocrx_word' id='word_1_262' title='bbox 1420 4487 1482 4566; x_wconf 90' lang='lat' dir='ltr'>sig-</span> 
     </span>
     <span class='ocr_line' id='line_1_41' title="bbox 212 4587 1478 4672; baseline 0.007 -29"><span class='ocrx_word' id='word_1_263' title='bbox 212 4598 323 4644; x_wconf 90' lang='lat' dir='ltr'>nanter</span> <span class='ocrx_word' id='word_1_264' title='bbox 355 4604 431 4645; x_wconf 88' lang='lat' dir='ltr'>vero</span> <span class='ocrx_word' id='word_1_265' title='bbox 463 4599 608 4666; x_wconf 86' lang='lat' dir='ltr'>pretextu</span> <span class='ocrx_word' id='word_1_266' title='bbox 641 4587 854 4666; x_wconf 88' lang='lat' dir='ltr'>quarumdam</span> <span class='ocrx_word' id='word_1_267' title='bbox 887 4607 1056 4648; x_wconf 90' lang='lat' dir='ltr'>vaccarum</span> <span class='ocrx_word' id='word_1_268' title='bbox 1087 4608 1123 4649; x_wconf 89' lang='lat' dir='ltr'>ac</span> <span class='ocrx_word' id='word_1_269' title='bbox 1155 4591 1221 4651; x_wconf 87' lang='lat' dir='ltr'>vini</span> <span class='ocrx_word' id='word_1_270' title='bbox 1252 4609 1349 4671; x_wconf 92' lang='lat' dir='ltr'>super</span> <span class='ocrx_word' id='word_1_271' title='bbox 1373 4591 1478 4672; x_wconf 91' lang='lat' dir='ltr'>ipsum</span> 
     </span>
     <span class='ocr_line' id='line_1_42' title="bbox 212 4689 1479 4779; baseline 0.007 -29"><span class='ocrx_word' id='word_1_272' title='bbox 212 4689 380 4751; x_wconf 91' lang='lat' dir='ltr'>dominum</span> <span class='ocrx_word' id='word_1_273' title='bbox 406 4692 618 4753; x_wconf 90' lang='lat' dir='ltr'>Jacomellum</span> <span class='ocrx_word' id='word_1_274' title='bbox 642 4694 818 4773; x_wconf 85' lang='lat' dir='ltr'>aquirebat,</span> <span class='ocrx_word' id='word_1_275' title='bbox 844 4695 999 4754; x_wconf 88' lang='lat' dir='ltr'>innocens</span> <span class='ocrx_word' id='word_1_276' title='bbox 1020 4708 1066 4755; x_wconf 93' lang='lat' dir='ltr'>est</span> <span class='ocrx_word' id='word_1_277' title='bbox 1083 4711 1244 4777; x_wconf 89' lang='lat' dir='ltr'>repertus;</span> <span class='ocrx_word' id='word_1_278' title='bbox 1270 4697 1344 4758; x_wconf 90' lang='lat' dir='ltr'>ideo</span> <span class='ocrx_word' id='word_1_279' title='bbox 1370 4698 1479 4779; x_wconf 91' lang='lat' dir='ltr'>ipsum</span> 
     </span>
     <span class='ocr_line' id='line_1_43' title="bbox 212 4794 1477 4885; baseline 0.009 -30"><span class='ocrx_word' id='word_1_280' title='bbox 212 4794 381 4857; x_wconf 90' lang='lat' dir='ltr'>dominum</span> <span class='ocrx_word' id='word_1_281' title='bbox 414 4797 627 4859; x_wconf 91' lang='lat' dir='ltr'>Jacomellum</span> <span class='ocrx_word' id='word_1_282' title='bbox 660 4818 754 4880; x_wconf 91' lang='lat' dir='ltr'>super</span> <span class='ocrx_word' id='word_1_283' title='bbox 786 4799 941 4860; x_wconf 89' lang='lat' dir='ltr'>universis</span> <span class='ocrx_word' id='word_1_284' title='bbox 972 4801 1075 4861; x_wconf 85' lang='lat' dir='ltr'>causis</span> <span class='ocrx_word' id='word_1_285' title='bbox 1106 4804 1416 4885; x_wconf 87' lang='lat' dir='ltr'>quomodocumque</span> <span class='ocrx_word' id='word_1_286' title='bbox 1445 4818 1477 4866; x_wconf 93' lang='lat' dir='ltr'>et</span> 
     </span>
    </p>
   </div>
   <div class='ocr_carea' id='block_1_4' title="bbox 0 0 1706 5362">
    <p class='ocr_par' dir='ltr' id='par_1_20' title="bbox 0 0 1706 5362">
     <span class='ocr_line' id='line_1_44' title="bbox 0 0 1706 5362; baseline 0 1"><span class='ocrx_word' id='word_1_287' title='bbox 0 0 1706 5362; x_wconf 95' lang='lat' dir='ltr'> </span> 
     </span>
    </p>
   </div>
  </div>
 </body>
</html>
