3404 5362
499 347 586 404 Anno
609 356 697 424 1377.
720 382 764 391 —
784 360 817 422 9.
834 350 927 423 sitnii.

1164 372 1350 464 —23

192 555 269 619 Item
303 575 398 618 causa
435 556 545 619 Sibich
582 571 613 618 et
648 557 802 619 Iohannis
838 558 954 620 Lieber
989 572 1035 621 est
1065 573 1137 641 post
1175 560 1351 623 adventum

93 661 230 724 eiusdem
256 661 366 723 Sibich
390 661 431 724 de
455 663 623 725 Modrussa
648 664 690 725 ad
713 663 855 746 primum
878 663 1035 745 judicium
1058 679 1240 748 prorogata.

191 767 269 829 Item
286 787 381 830 causa
406 768 491 831 Petri
516 783 547 831 et
571 767 703 851 Georgii
729 783 775 832 est
793 784 964 852 prorogata
988 771 1174 833 testimonio
1192 772 1347 854 Stephani

90 888 119 937 et
142 874 272 937 Andree
288 875 453 937 sallivenis
477 888 507 937 et
532 875 664 959 uxori(s)
685 875 840 938 Anthonii
865 876 999 956 Iuraich,
1023 877 1112 959 quod
1130 879 1196 960 ipse
1214 898 1348 941 uxorem

86 980 184 1063 ipsius
208 980 292 1042 Petri
317 980 524 1044 vulnerasset.

194 1087 273 1149 Item
298 1087 438 1150 lacobus
462 1087 541 1149 Bole
565 1086 649 1149 filios
673 1087 797 1150 Crisani
815 1087 981 1170 probibuit
1005 1101 1036 1150 et
1059 1088 1255 1153 interdixita
1274 1111 1347 1153 ven-

86 1191 213 1255 dicione
237 1193 459 1255 universarum
479 1193 717 1275 possessionum
743 1213 912 1275 quousque
942 1194 1059 1255 domus
1090 1194 1266 1278 Sternyche
1290 1197 1350 1260 sibi

86 1299 301 1362 roborabitur.

186 1405 266 1468 Item
291 1405 418 1488 Cupich
443 1419 554 1468 contra
572 1405 744 1488 Vydonem
760 1406 865 1488 primo
887 1405 1001 1468 citatus
1025 1427 1088 1469 non
1115 1409 1305 1491 comparuit.

187 1511 268 1574 Item
292 1512 405 1574 Petrus
428 1510 513 1574 filius
537 1510 644 1574 Mathe
676 1525 785 1574 contra
810 1511 1003 1593 Gregorium
1036 1533 1147 1575 voscar
1170 1515 1275 1597 primo
1303 1516 1346 1578 ci-

85 1631 167 1680 tatus
190 1637 257 1680 non
281 1618 472 1701 comparuit.

189 1724 269 1787 Item
293 1725 417 1787 Matina
443 1723 559 1786 mulier
586 1736 616 1785 et
640 1724 749 1786 Mathe
781 1723 907 1806 ensipar
939 1738 1049 1786 contra
1073 1726 1230 1787 Iacobum
1254 1726 1346 1808 pelli·

83 1830 172 1894 ficem
196 1832 303 1915 primo
326 1831 413 1893 citati
438 1850 504 1893 non
529 1843 788 1913 comparuerunt.

186 1939 266 2000 Item
283 1936 466 2000 Alexander
482 1950 591 1999 contra
605 1935 771 1999 Geninum
783 1935 925 1998 secundo
939 1935 1053 1997 citatus
1068 1956 1134 1998 non
1151 1938 1341 2019 comparuit.

185 2044 265 2107 Item
299 2044 386 2106 iwan
417 2044 590 2125 Hlebopek
622 2058 732 2106 contra
767 2042 948 2105 Iohannem
986 2042 1092 2125 primo
1124 2043 1238 2106 citatus
1276 2064 1342 2107 non

86 2151 274 2235 comparuit.

187 2276 265 2338 Item
291 2294 385 2338 causa
409 2274 542 2356 Georgii
566 2275 683 2336 literati
708 2288 739 2336 et
767 2273 922 2336 lobannis
947 2275 1110 2338 Chemerii
1134 2288 1180 2337 est
1204 2274 1244 2337 ad
1269 2289 1342 2338 octo

85 2381 149 2443 dies
172 2395 345 2465 prorogata
369 2381 410 2444 ad
433 2381 679 2464 producendum
703 2381 925 2443 testimonium
950 2382 990 2443 de
1014 2382 1099 2464 Vgra
1122 2402 1180 2464 per
1203 2383 1344 2444 eundem

84 2489 262 2551 Iohannem
286 2488 415 2551 racione
440 2488 607 2551 cuiusdam
630 2488 724 2549 vinee
748 2487 888 2550 vendite.

186 2595 265 2658 Item
283 2594 431 2678 Mychael
455 2614 592 2656 assessor
616 2593 750 2655 domino
776 2593 904 2655 Donato
922 2594 1095 2656 duodecim
1118 2594 1258 2657 florenos
1274 2597 1342 2658 auri

85 2702 114 2763 in
136 2701 311 2785 quindenis
342 2702 484 2764 exsolvet
511 2720 570 2783 pro
601 2699 712 2762 debito
744 2699 886 2781 magistri
918 2700 1059 2784 Zeyhan,
1084 2701 1116 2763 in
1148 2721 1214 2783 quo
1238 2702 1344 2784 ipsum

84 2807 275 2891 inculpabat.

186 2914 265 2976 Item
298 2913 499 2993 Margaretha
533 2911 650 2973 mulier
680 2924 794 2973 octavo
824 2911 876 2972 die
908 2933 940 2973 se
967 2911 1064 2974 tercia
1096 2912 1213 2994 jurabit
1237 2913 1269 2975 in
1296 2933 1346 2993 eo,

88 3021 172 3101 quod
197 3020 265 3103 ipsa
289 3020 405 3082 Makelr
430 3018 556 3080 mulieri
582 3037 681 3079 unam
705 3037 845 3079 marcam
862 3017 1069 3079 denariorum
1093 3038 1158 3080 non
1184 3017 1345 3081 furaverit.

184 3126 262 3189 ltem
287 3144 381 3187 causa
404 3124 561 3187 Anthonii
586 3124 688 3186 Reniz
717 3137 747 3185 et
771 3124 880 3186 relicte
906 3124 1059 3207 Stephani
1084 3125 1196 3188 Bozou
1221 3139 1267 3187 est
1291 3146 1347 3208 per

87 3230 300 3314 Dragozlaum
325 3232 366 3294 ad
389 3245 462 3293 octo
486 3231 555 3292 dies
579 3243 705 3313 recepta
729 3231 770 3292 ad
798 3250 920 3313 pacem.

183 3340 263 3403 Item
287 3339 399 3401 Petrus
423 3351 531 3401 contra
558 3339 688 3401 Petrum
712 3351 867 3400 sartorem
890 3339 995 3420 primo
1029 3340 1143 3402 citatus
1167 3360 1233 3402 non
1257 3359 1344 3403 cotn-

87 3446 195 3526 paruit.

129 3663 228 3740 Feria
256 3668 364 3740 tercia
391 3669 547 3756 proxima
575 3672 653 3737 ante
681 3665 803 3737 festum
830 3665 920 3737 beati
949 3665 1101 3737 Barnabe
1129 3666 1285 3755 apostoli.

623 3822 669 3896 (9.
692 3820 801 3895 junia).

184 3963 293 4024 Primo
318 3960 512 4023 Benedictus
535 3957 677 4023 carnifex
710 3970 821 4021 contra
845 3958 1020 4019 Martinum
1044 3957 1215 4040 Zequirich
1239 3956 1346 4036 primo

87 4066 192 4132 citatus
215 4088 281 4131 non
310 4067 501 4150 comparuit.

183 4175 262 4238 Item
286 4174 391 4237 Lucas
423 4170 556 4257 pellifex
587 4184 698 4234 contra
731 4170 837 4232 Eliam
867 4168 1066 4232 aurifabrum
1100 4169 1206 4252 primo
1230 4169 1346 4232 citatus

84 4301 141 4346 non
165 4301 239 4345 com
261 4282 358 4345 aruit.

181 4303 261 4451 Iterll
284 4406 379 4451 causa
398 4385 531 4470 Georgii
555 4385 684 4448 sartoris
700 4397 731 4446 et
748 4382 865 4467 Gyuan
882 4396 929 4445 est
944 4402 1001 4465 per
1017 4381 1219 4444 Anthonium
1237 4381 1341 4444 Reniz
1414 4428 1417 4433 .

82 4495 118 4557 ad
142 4508 217 4559 octo
241 4495 311 4558 dies
333 4507 460 4575 recepta
484 4492 525 4555 ad
548 4511 671 4575 pacem.

180 4601 257 4664 Item
282 4599 436 4663 Nicolaus
459 4611 569 4662 contra
594 4598 741 4660 Elizabet
763 4608 877 4659 octavo
901 4597 952 4659 dle
977 4594 1193 4679 respondebit.

181 4708 259 4771 Item
273 4726 368 4770 causa
382 4705 531 4788 Gregorii
548 4724 659 4768 voscar
672 4717 703 4766 et
719 4703 804 4765 Petri
822 4717 868 4765 est
884 4723 940 4785 per
957 4703 1159 4786 Stephanum
1171 4698 1342 4783 Pu(n)dich

77 4816 117 4878 ad
140 4828 214 4878 octo
239 4814 309 4877 dies
332 4826 459 4897 recepta
483 4813 525 4875 ad
548 4832 671 4895 pacem.
