3404 5362
738 350 825 407 Anno
847 343 939 423 1383.
966 380 1003 389 —
1031 360 1081 422 14.
1105 347 1231 417 augusti.

461 559 538 620 ltem
563 558 710 620 Matheus
735 558 905 639 Hlebopek
930 570 1039 618 contra
1071 556 1251 617 iohannem
1274 553 1413 635 juratum
1441 552 1547 634 primo
1579 553 1619 614 ci·

354 679 437 726 tatus
462 685 526 726 non
551 664 740 746 comparuit.

462 773 539 834 ltem
565 772 697 833 Kirinus
713 770 798 832 filius
816 770 906 832 Pauli
925 770 1000 831 dicti
1020 768 1121 850 Sorga
1146 783 1261 832 octavo
1286 767 1338 829 die
1355 787 1412 850 per
1436 767 1617 829 Emericum

355 878 533 960 Brodarigh
559 893 590 939 et
614 877 699 938 lwan
725 877 896 959 Hlebopek
929 876 990 937 hoc
1014 876 1173 953 atestabit,
1203 874 1292 956 quod
1326 872 1505 954 Gregorius
1537 873 1619 934 Chu-

356 983 471 1046 dauich
496 984 556 1045 hoc
581 984 720 1061 dixisset,
746 984 834 1064 quod
864 984 931 1064 ipse
949 981 1126 1062 Gregorius
1150 981 1189 1043 ad
1208 994 1389 1043 consortem
1414 980 1491 1042 dicti
1519 980 1617 1041 Kirini

355 1092 559 1153 ambulasset.

462 1195 539 1256 ltem
575 1195 697 1277 Symon
730 1194 814 1255 lilius
846 1193 1038 1276 Chepernya
1070 1207 1184 1254 octavo
1217 1191 1268 1253 die
1306 1205 1416 1253 contra
1449 1189 1615 1253 dominum

356 1302 497 1363 Blasium
522 1300 794 1382 archydiaconum
820 1299 975 1381 quasdam
993 1299 1099 1360 literas
1116 1298 1330 1381 expeditorias
1346 1297 1497 1359 exhibere
1515 1296 1616 1356 debet.

461 1407 538 1468 ltem
557 1408 670 1469 Marko
694 1406 779 1469 filius
797 1405 934 1488 Mykech
959 1405 998 1466 de
1017 1404 1166 1467 Grachan
1184 1405 1216 1466 in
1241 1403 1324 1466 lacto
1341 1403 1510 1466 cuiusdam
1528 1402 1616 1463 vinee

272 1566 274 1570 .
355 1514 463 1575 literas
487 1535 558 1575 suas
583 1527 691 1575 contra
718 1514 894 1595 Symonem
920 1512 1069 1574 exhibere
1094 1512 1200 1574 debet.

462 1620 538 1680 ltem
573 1619 691 1680 Paulus
727 1618 955 1680 Charantouch
1000 1631 1111 1680 contra
1148 1616 1234 1678 lwan
1270 1616 1375 1699 primo
1411 1615 1527 1677 citatus
1559 1633 1621 1675 non

358 1727 550 1810 comparuit.

463 1832 540 1894 ltem
565 1831 689 1912 Agatha
715 1831 832 1892 mulier
862 1844 972 1891 contra
998 1829 1081 1891 lwan
1108 1829 1279 1911 Hlebopelr
1311 1828 1417 1911 primo
1441 1827 1536 1889 citata
1560 1845 1622 1888 non

357 1940 546 2021 comparuit.

465 2045 542 2107 ltem
567 2044 719 2105 dominus
744 2043 870 2104 Blasius
893 2056 1000 2104 custos
1031 2056 1142 2103 contra
1170 2040 1348 2122 Georgium
1381 2039 1487 2121 primo
1513 2039 1625 2100 citatus

359 2173 423 2213 non
450 2151 638 2232 comparuit.

464 2259 540 2319 ltem
571 2277 665 2319 causa
699 2255 867 2317 Laurencii
900 2267 1009 2316 contra
1042 2255 1183 2315 Brumen
1216 2252 1256 2313 ad
1289 2265 1440 2314 octavum
1473 2250 1560 2312 diem
1584 2249 1623 2311 ad

357 2385 467 2446 pacem
494 2378 540 2425 cst
565 2377 700 2444 recepta.

463 2471 540 2532 ltem
574 2490 666 2531 causa
694 2469 775 2529 Petri
810 2482 919 2530 contra
944 2468 1057 2549 Cygan
1087 2465 1125 2526 ad
1159 2477 1308 2527 octavum
1333 2463 1420 2524 diem
1446 2463 1486 2524 ad
1512 2481 1622 2546 pacem

358 2591 404 2638 est
428 2591 564 2658 recepta.

464 2683 540 2743 lrem
568 2682 681 2742 Paulas
698 2695 812 2742 octavo
837 2681 888 2742 die
913 2701 969 2763 per
986 2680 1155 2741 mulierem
1183 2679 1313 2739 Luciam
1332 2691 1363 2738 et
1388 2678 1538 2739 Kaukem
1554 2677 1626 2739 sali-

359 2810 456 2851 venas
480 2789 540 2849 hoc
574 2788 737 2865 atestabit,
770 2789 857 2868 quod
891 2789 950 2849 sibi
978 2787 1087 2847 Petrus
1119 2785 1203 2846 lilius
1228 2783 1314 2846 Gerd
1338 2784 1491 2845 tredecim
1519 2784 1626 2866 pensis

358 2910 389 2958 et
413 2897 556 2976 quinque
582 2894 721 2955 denariis
746 2893 874 2955 debitor
898 2892 1003 2954 fuerit.

465 3002 542 3062 ltem
568 3000 652 3061 idem
679 3000 792 3061 Paulas
819 3020 890 3060 cum
925 2999 1040 3061 eodem
1068 2999 1160 3059 Petro
1192 3011 1223 3059 et
1248 2996 1421 3058 Dominico
1446 3016 1550 3077 usque
1575 3015 1627 3056 oc-

358 3121 466 3169 tavum
492 3107 577 3168 diem
603 3108 684 3167 inter
708 3127 740 3166 sc
765 3107 927 3167 racionem
952 3125 1072 3187 ponere
1098 3104 1225 3167 debent.

465 3214 540 3274 ltem
567 3214 711 3274 Thomas
735 3225 844 3273 contra
871 3213 998 3272 Petrum
1033 3212 1138 3292 primo
1163 3210 1277 3271 citatus
1301 3227 1366 3270 non
1391 3208 1582 3290 comparuit.

466 3320 541 3380 ltcm
557 3319 718 3379 lohannes
731 3319 946 3399 carpentarius
960 3332 1069 3378 contra
1087 3316 1200 3376 Paulas
1214 3329 1328 3376 octavo
1341 3314 1393 3375 die
1408 3312 1626 3394 respondebit.

466 3425 543 3485 ltem
569 3425 721 3485 Nicolaus
748 3423 958 3506 Lypouachak
983 3439 1098 3484 octavo
1123 3423 1174 3483 die
1199 3441 1294 3503 super
1319 3440 1358 3482 eo
1383 3419 1511 3501 iurabit,
1539 3416 1626 3499 quod

359 3534 425 3614 ipse
449 3553 501 3591 sex
527 3532 632 3612 pensis
657 3530 814 3612 Mychaeli
841 3529 907 3590 lilio
935 3529 1082 3590 Damiani
1108 3529 1234 3588 debitor
1259 3546 1324 3588 non
1350 3524 1455 3588 fuerit.

465 3637 542 3698 ltem
568 3637 719 3697 Nicolaus
744 3651 832 3696 sutor
855 3650 970 3696 octavo
995 3636 1045 3696 die
1070 3654 1127 3717 per
1144 3635 1300 3694 Jacobum
1326 3647 1356 3693 et
1382 3631 1547 3692 Thomam
1572 3630 1624 3690 de·

361 3763 475 3804 canum
502 3742 562 3803 hoc
588 3742 745 3818 atestabit,
770 3742 856 3822 quod
884 3742 987 3823 ipsum
1014 3741 1079 3802 Juri
1105 3741 1325 3821 vituperasset.

465 3850 542 3910 ltem
561 3848 679 3910 Paulus
704 3847 791 3909 faber
822 3863 931 3909 contra
957 3848 1093 3928 hlylrech
1125 3861 1267 3908 sutorem
1292 3845 1398 3928 primo
1423 3844 1538 3906 citatus
1561 3862 1625 3904 non

360 3957 548 4038 comparuit.

466 4063 543 4123 ltem
568 4075 664 4123 testes
689 4060 777 4122 Pauli
812 4061 941 4142 pictoris
973 4075 1003 4121 et
1036 4060 1187 4141 Symonis
1215 4060 1256 4121 ad
1289 4057 1563 4120 deliberacionem
1588 4054 1625 4117 ad

361 4184 511 4231 octavum
537 4168 622 4230 diem
647 4188 678 4229 se
704 4182 901 4248 receperunt.

466 4275 545 4337 ltem
571 4275 687 4356 Gyuan
713 4287 821 4334 contra
848 4272 1048 4333 Anthonium
1073 4273 1172 4333 Renis
1189 4287 1304 4334 octavo
1328 4270 1380 4332 die
1405 4269 1625 4352 respondebit.

467 4381 543 4443 ltem
570 4380 745 4460 Gregorius
774 4392 874 4439 sartor
897 4394 1011 4439 octavo
1044 4378 1096 4440 die
1128 4398 1286 4460 supereo
1318 4376 1437 4457 jurabit
1460 4375 1550 4457 quod
1575 4375 1626 4436 Jo-

361 4485 484 4548 hannes
508 4486 653 4568 Samlyar
678 4499 750 4546 octo
768 4483 883 4545 marcis
906 4484 1033 4546 debitor
1052 4483 1157 4564 luerit,
1181 4500 1211 4546 et
1229 4504 1324 4566 super
1348 4482 1466 4544 minori
1492 4481 1625 4565 pecunia

362 4606 465 4674 potest
488 4592 601 4671 jurare.

466 4697 542 4758 ltem
566 4697 757 4757 Benedictus
789 4697 975 4777 Mosnarigh
1008 4713 1121 4760 octavo
1152 4698 1203 4758 die
1235 4696 1377 4759 secundo
1410 4716 1443 4756 se
1468 4715 1565 4777 super
1590 4713 1627 4756 eo

360 4803 488 4886 jurabit,
513 4803 601 4884 quod
627 4803 730 4883 ipsum
756 4803 841 4864 lwan
868 4823 969 4884 usque
994 4805 1183 4884 sanguinem
1208 4803 1423 4886 percussisset.
1472 4822 1477 4829 ’
