3404 5362
630 368 832 450 Ann01385.
858 405 898 415 -
922 369 974 434 16.
990 375 1083 449 junii·
1428 392 1491 456 ²37

328 586 408 648 Item
439 606 534 648 causa
565 585 650 648 Iwan
682 583 739 646 filii
771 584 857 646 Iwan
890 597 999 647 contra
1032 585 1147 668 Dwym
1184 600 1215 646 et
1247 585 1420 647 Lucasium
1452 585 1492 647 ad

225 692 408 774 quindenas
432 705 479 755 est
501 704 684 775 prorogata.

329 798 409 861 Item
433 817 527 861 causa
544 797 654 860 Jacobi
672 810 783 860 contra
799 796 1051 879 jobagionissam
1076 798 1157 881 Elye
1173 798 1213 861 ad
1237 811 1388 862 octavum
1405 799 1492 860 diem

221 919 267 967 est
290 918 477 988 prorogata.

328 1010 407 1074 Item
425 1011 618 1074 Benedictus
641 1023 732 1072 autor
763 1023 877 1072 octavo
909 1008 961 1071 die
991 1009 1227 1093 quinquaginta
1250 1010 1400 1073 homines
1430 1024 1491 1072 sta·

216 1132 311 1180 tuere
337 1118 434 1180 debet
456 1131 488 1179 et
510 1117 667 1199 vigesimo
692 1117 806 1200 quinto
830 1136 864 1178 se
893 1136 1052 1198 supereo
1083 1116 1210 1198 jurabit,
1235 1116 1324 1199 quod
1351 1118 1383 1179 in
1408 1118 1488 1179 iute-

216 1225 408 1308 rempcione
432 1223 600 1285 cuiusdam
623 1223 768 1285 mulieris
792 1234 822 1284 et
845 1222 940 1304 spolii
966 1223 1120 1285 innocens
1143 1223 1193 1286 sit.

330 1348 411 1411 Item
424 1348 562 1410 Jacobus
577 1345 708 1431 pellifex
732 1361 820 1409 sexto
837 1367 870 1409 se
887 1360 1001 1412 octavo
1018 1347 1070 1408 die
1087 1367 1236 1431 supereo
1252 1348 1382 1430 jurabit,
1401 1348 1490 1430 quod

212 1456 362 1518 Jacobus
386 1455 491 1516 nullas
515 1475 564 1516 res
594 1454 655 1517 sibi
687 1454 727 1516 ad
759 1453 952 1516 servandum
984 1452 1183 1536 assignasset,
1215 1474 1321 1536 neque
1348 1456 1415 1538 ipse
1439 1473 1490 1516 res

211 1581 295 1624 cum
319 1581 380 1623 suo
403 1562 483 1623 scitu
507 1561 571 1622 sint
593 1558 707 1623 furate.

329 1668 409 1730 Item
434 1668 546 1730 Petrus
570 1665 710 1728 carnifex
734 1667 822 1728 solus
846 1681 959 1729 octavo
988 1667 1041 1729 die
1065 1686 1223 1751 supereo
1249 1666 1377 1748 jurabit,
1401 1665 1489 1749 quod

211 1774 287 1858 ipse
314 1794 416 1836 unum
442 1773 511 1837 flor.
537 1773 605 1836 auri
630 1772 775 1854 Georgio
800 1792 865 1835 non
889 1771 1034 1839 iurasset.

329 1898 409 1961 Item
433 1898 521 1980 quod
547 1898 623 1980 quia
647 1895 830 1979 Stephanus
860 1896 945 1959 filius
969 1897 1119 1960 Damiani
1151 1898 1183 1959 in
1207 1897 1352 1979 quodam
1387 1899 1488 1961 mani·

214 2004 302 2068 festo
328 2003 494 2066 furticinio
518 2017 565 2066 est
592 2017 753 2087 repertus,
785 2003 860 2065 ideo
884 2023 940 2064 sue
971 2004 1123 2082 amicale,
1146 2004 1297 2066 videlicet
1322 2024 1385 2065 una
1402 2004 1487 2066 auris

214 2112 328 2174 abcidi
353 2110 460 2190 debet,
485 2123 516 2172 et
540 2123 625 2173 extra
650 2109 812 2171 civitatem
833 2109 969 2192 turpiter
997 2110 1075 2193 pelli
1100 2124 1131 2172 et
1161 2129 1329 2192 nunquam
1355 2110 1387 2171 in
1412 2111 1487 2171 clvi·

214 2230 320 2280 tatem
344 2217 474 2296 intrare,
499 2217 578 2279 etsi
603 2216 767 2278 intraverit
790 2228 865 2277 tunc
889 2215 929 2277 de
959 2217 1028 2298 ipso
1052 2216 1193 2278 vindicta
1216 2229 1427 2299 sumpmatur.

328 2323 407 2385 Item
430 2323 579 2385 Vrbanua
595 2320 680 2384 filius
758 2320 850 2403 (h)eri
868 2322 900 2383 in
918 2320 988 2384 loro
1013 2323 1229 2404 proclamatus
1251 2323 1283 2384 io
1300 2320 1391 2413 ¹Iacto
1408 2323 1488 2385 inte·

217 2430 416 2513 rempcionis
447 2428 601 2513 Stephani
626 2427 740 2490 famuli
773 2429 908 2511 Myklini
930 2429 1067 2491 condam
1096 2429 1221 2512 judicis,
1253 2429 1293 2490 ad
1329 2428 1488 2511 justiciam

222 2554 286 2598 non
311 2536 409 2598 venit.

326 2641 405 2704 Item
429 2640 573 2704 Iwchech
597 2639 681 2703 filius
706 2640 877 2724 Dragchyn
908 2654 996 2703 actor
1020 2640 1186 2717 existendo
1210 2654 1321 2704 contra
1346 2641 1431 2704 lwan
1449 2639 1483 2702 fi-

221 2748 302 2811 lium
326 2748 474 2810 lwankus
498 2748 530 2809 in
554 2747 630 2809 sede
655 2746 822 2828 judiciaria
846 2767 911 2809 non
936 2748 1124 2830 comparuit.

326 2855 406 2917 Item
430 2867 536 2916 custos
559 2854 685 2916 Blasius
701 2868 810 2916 contra
827 2854 963 2915 Paulum
981 2854 1142 2917 literatum
1161 2874 1347 2937 comparere
1365 2855 1487 2917 debens

222 2981 286 3023 non
311 2960 502 3043 comparuit.

327 3067 407 3129 Item
420 3066 557 3129 Mathias
573 3080 674 3128 sartor
688 3079 798 3128 contra
816 3066 1031 3128 Laurentium
1048 3065 1185 3129 condam
1199 3066 1339 3149 judicem
1359 3087 1486 3129 causam

221 3193 311 3236 suam
332 3173 483 3255 perdidit.

238 3410 336 3486 laria
360 3421 458 3484 sexta
487 3415 641 3500 proxima
670 3419 749 3501 post
776 3412 899 3483 festum
927 3412 1103 3484 beatorum
1132 3413 1202 3485 Viti
1231 3401 1282 3506 (et
1311 3405 1468 3508 Modesti)

758 3538 948 3608 martirum.

756 3702 819 3784 (16.
835 3709 944 3785 sicarii).

327 3866 406 3928 Item
429 3864 613 3927 Anthonius
638 3863 791 3927 Scitarich
816 3877 927 3926 contra
958 3864 1119 3928 Janchech
1143 3866 1248 3949 primo
1280 3865 1395 3927 citatus
1420 3884 1486 3928 oon

220 3973 410 4056 comparuit.

325 4078 403 4141 Item
431 4080 533 4141 Lucas
557 4076 701 4161 Agatych
718 4091 829 4140 contra
854 4077 1053 4159 Stephanum
1072 4078 1222 4160 Chupina
1245 4079 1352 4160 primo
1368 4080 1483 4142 citatus

221 4204 285 4248 non
309 4185 500 4267 comparuit.

325 4290 404 4353 Item
437 4291 520 4352 Rees
550 4303 659 4352 contra
693 4290 847 4351 Mathiam
878 4290 1092 4371 gladiatorem
1126 4289 1247 4372 primo,
1263 4289 1378 4352 citatus
1417 4310 1482 4353 non

221 4416 290 4459 com
316 4410 409 4459 aruit.

293 4416 403 4565 pItem
428 4501 582 4565 Clemens
596 4503 736 4584 piscator
752 4517 862 4565 contra
879 4500 1059 4563 Iohannem
1084 4516 1115 4564 et
1132 4500 1310 4584 Georgium
1328 4502 1484 4583 quasdam

221 4607 325 4673 literas
348 4622 463 4672 octavo
487 4608 540 4670 die
564 4609 686 4690 absque
710 4608 944 4692 prorogatione
969 4607 1119 4671 exhibere
1143 4609 1248 4671 debet.

324 4732 402 4795 Item
421 4733 583 4795 Iohannes
600 4733 759 4816 Tauchyn
784 4745 814 4794 et
830 4730 976 4793 Thomas
998 4732 1129 4816 Dragyn
1146 4746 1255 4795 contra
1280 4730 1484 4795 Anthonium

223 4851 333 4901 octavo
358 4839 410 4902 die
440 4841 691 4921 respondebunt.
