3404 5362
611 356 697 413 Anno
719 352 809 433 1576.
836 390 877 400 —
900 372 931 436 4.
956 361 1069 433 aprilli·
1340 389 1343 394 “
1444 383 1481 445 33

326 564 406 625 Item
432 565 553 626 Mathia
576 565 736 628 aurifaber
759 582 869 631 contra
899 569 1121 631 Marketouem
1153 586 1267 633 octavo
1292 572 1344 632 die
1367 593 1400 634 se
1424 586 1484 635 ter·

220 668 284 729 cius
308 668 428 749 jurabit
451 670 483 731 iu
508 689 558 749 eo,
585 671 672 753 quod
698 673 758 734 sibi
775 686 838 735 tres
861 693 984 736 marcas
1000 694 1073 736 cum
1097 676 1204 737 media
1227 697 1292 739 non
1310 691 1483 743 teneretur.

324 775 404 837 Item
428 775 612 839 Anthonius
636 777 760 840 Iursich
784 778 862 842 feria
893 781 988 842 tercia
1013 780 1131 861 jurabit
1161 802 1257 864 super
1280 781 1364 845 Iacto
1389 784 1485 846 unius

222 879 293 960 equi
319 894 351 942 et
374 900 440 943 uno
465 884 548 944 bove
572 896 681 945 contra
706 904 802 946 suum
825 887 1069 949 mercenarium,

325 986 404 1049 Item
429 989 586 1050 Martinus
609 991 757 1053 atestabit
789 1005 903 1054 octavo
935 993 987 1055 die
1012 993 1051 1054 de
1084 994 1274 1057 vendicione
1298 1016 1355 1058 sue
1379 998 1484 1061 vitree.

320 1093 401 1155 Item
426 1094 554 1156 Sorsich
579 1096 684 1176 primo
702 1097 734 1159 in
759 1098 932 1179 quindenis
948 1099 1048 1160 luano
1072 1101 1203 1182 prcconi
1229 1121 1327 1164 unam
1344 1123 1483 1167 marcam

221 1199 370 1262 exsolvet.

321 1306 399 1368 Item
425 1307 528 1369 dictus
552 1309 657 1390 primo
691 1310 724 1371 in
756 1310 929 1392 quindenis
961 1312 1026 1373 luri
1062 1311 1188 1375 homini
1213 1333 1310 1376 unam
1341 1334 1482 1379 marcam

221 1413 359 1475 exsolvet
383 1426 414 1475 ct
437 1413 534 1495 judici
559 1414 711 1477 mediam.

319 1522 399 1583 Item
428 1521 486 1584 filii
519 1523 619 1606 Paryz
651 1522 729 1585 feria
764 1538 850 1587 sexta
881 1526 1027 1607 proxima
1068 1539 1139 1607 post
1174 1527 1293 1591 Pascha
1329 1529 1481 1610 magistro

221 1625 359 1709 GeorgIo
382 1629 496 1690 sartori
526 1629 552 1690 si
576 1631 666 1692 XXV
698 1630 837 1692 florenos
861 1651 926 1693 non
960 1632 1183 1713 persolverint,
1219 1648 1334 1696 extunc
1365 1635 1482 1696 domus

219 1753 286 1796 cum
312 1734 415 1797 Iundo
441 1737 578 1798 condam
603 1737 728 1798 domini
760 1736 980 1799 Bartholomei
1012 1739 1164 1819 custodis,
1196 1738 1302 1802 eidem
1327 1741 1480 1821 magistro

219 1838 356 1922 Georgio
380 1843 606 1904 tantummodo
629 1862 688 1924 pro
712 1843 789 1925 ipsis
812 1843 1002 1906 devolvetur
1025 1844 1092 1925 jure
1117 1845 1258 1928 proprio.

423 2063 569 2135 sabbato
597 2064 750 2154 proximo
779 2069 858 2134 ante
889 2062 1090 2136 dominicam
1118 2064 1250 2154 judica.

732 2213 800 2296 (29.
824 2219 948 2293 martti).

317 2357 397 2419 Item
421 2377 477 2438 per
493 2358 644 2438 antiquos
667 2355 789 2437 judices
805 2356 910 2418 taliter
926 2355 986 2418 fuit
1003 2354 1222 2437 adjudicatum
1247 2369 1276 2418 et
1300 2356 1477 2420 diffinitum

215 2462 243 2523 iu
265 2482 361 2525 causa
386 2482 448 2544 que
472 2464 654 2525 vertebatur
682 2463 763 2525 inter
786 2463 1004 2544 Augustinum
1028 2462 1225 2524 sacerdotem
1251 2462 1414 2526 medicum
1446 2478 1477 2526 et

214 2568 392 2631 Iohannem
415 2569 608 2651 pelliparum
632 2569 671 2629 ab
695 2588 759 2631 una
783 2582 814 2630 et
838 2568 1008 2651 Bryccium
1037 2568 1225 2650 selliparum
1250 2588 1287 2630 ex
1311 2568 1419 2646 altera,
1443 2569 1476 2630 in

213 2675 326 2755 quibus
350 2673 487 2737 diffinita
511 2688 601 2736 erant
624 2673 774 2735 videlicet
806 2673 956 2755 periuria,
989 2674 1090 2755 ipsam
1115 2693 1243 2735 causam
1275 2675 1358 2736 clare
1383 2693 1473 2756 repe-

213 2781 308 2842 rimus
332 2779 461 2862 justam,
485 2781 518 2841 in
543 2780 634 2841 nullo
659 2780 801 2862 periurio
825 2780 969 2858 existere,
1002 2780 1077 2861 quia
1102 2800 1135 2841 se
1160 2779 1399 2842 racionabiliter
1424 2800 1477 2841 ex·
1568 2819 1573 2829 -

211 2887 357 2968 purgavit
380 2887 490 2948 decem
523 2886 653 2949 florenis
684 2886 811 2948 medico
843 2885 986 2968 predicto
1018 2905 1076 2967 per
1111 2886 1291 2948 Iohannem
1324 2884 1477 2947 exsolutis

211 3008 302 3074 prout
326 2995 360 3056 In
384 2993 512 3055 racione
531 2993 719 3075 reperImus,
744 3012 826 3074 quos
851 2993 918 3074 Ipse
935 2990 1173 3056 raci0nabiliter
1193 2991 1226 3052 in
1250 2990 1334 3052 Iacto
1358 2990 1476 3053 medici

212 3100 429 3182 expendisset,
454 3113 648 3176 revocantes⁸
656 3099 800 3181 previam
818 3097 1094 3179 adjudicationem
1112 3096 1300 3178 juratorum,
1318 3109 1475 3159 cassantes

212 3218 240 3266 et
259 3207 443 3268 anullantes
459 3206 594 3267 omnino
613 3219 644 3267 et
661 3205 785 3283 iterato,
803 3220 861 3265 nec
878 3204 963 3286 ipsos
987 3223 1040 3264 sex
1057 3203 1196 3265 florenos
1213 3223 1270 3282 per
1294 3202 1474 3264 Iohannem

213 3311 400 3394 pelliparum
425 3311 484 3394 ipsi
503 3311 626 3373 Briccio
642 3309 874 3393 persolvendos
898 3329 955 3371 nec
972 3310 1074 3391 ipsam
1091 3308 1259 3371 infamiam
1276 3329 1371 3391 super
1388 3309 1474 3391 ipsos

215 3435 302 3499 super
325 3417 471 3500 predicto
495 3418 636 3500 periurio
661 3416 811 3478 volumcs
835 3435 1033 3498 permanere,
1057 3415 1113 3476 sed
1137 3435 1155 3476 a
1178 3415 1320 3496 predicta
1341 3413 1472 3477 infamia

215 3537 399 3606 expurgatos
423 3537 454 3585 et
478 3524 617 3586 abolitos
648 3522 901 3604 pronunciamus
931 3535 1042 3584 tenore
1066 3521 1268 3603 presencium
1291 3534 1472 3582 nostrarum

216 3632 439 3692 sentenciarum
463 3650 576 3692 omnes
613 3649 722 3690 causas
746 3630 828 3690 inter
853 3629 939 3710 ipsos
970 3628 1113 3689 sedando
1138 3641 1169 3689 et
1193 3626 1387 3710 deponendo
1412 3630 1471 3689 sub

220 3754 289 3814 pena
311 3737 401 3799 XXV
426 3755 606 3798 marcarum
637 3736 760 3818 sipara
791 3746 901 3795 contra
932 3747 1055 3816 partem
1088 3734 1239 3814 insurget,
1275 3735 1354 3796 alter
1379 3734 1471 3795 alteri

221 3843 428 3905 omnImodam
452 3841 611 3924 justiciam
636 3840 867 3924 impendendo.

295 4060 390 4137 leria
418 4071 518 4135 sexta
545 4065 700 4153 proxima
728 4068 806 4134 aute
834 4061 1035 4132 dominicam
1063 4059 1378 4151 Ramispalmarum.

734 4219 781 4294 (4.
806 4213 931 4290 apriIis).

308 4357 417 4419 Primo
442 4355 585 4419 Francha
610 4355 694 4418 lilius
717 4354 841 4417 Nicolai
868 4367 977 4415 contra
994 4351 1203 4415 Valentinum
1227 4353 1328 4417 filium
1355 4356 1467 4418 Bobek

224 4458 307 4536 ptimo
330 4464 444 4525 citatus
467 4482 532 4524 non
557 4462 748 4545 comparuit.

308 4587 386 4649 Item
410 4606 504 4649 causa
520 4591 613 4648 Anne
631 4599 661 4648 et
680 4586 786 4648 Mathe
803 4597 851 4647 est
868 4584 908 4646 ad
926 4584 1067 4667 primum
1084 4581 1240 4664 judicium
1257 4598 1328 4665 post
1346 4584 1465 4646 Pascha

223 4703 269 4766 Per
286 4691 493 4755 Salomonem
517 4705 642 4775 recepta
665 4691 705 4754 ad
730 4712 852 4774 pacem.

307 4798 386 4860 Item
411 4818 504 4860 causa
527 4798 682 4861 Iohannis
706 4797 822 4860 Lieber
845 4811 875 4859 et
899 4797 1029 4860 alterius
1053 4796 1208 4859 Iohannis
1231 4796 1287 4858 lilii
1319 4797 1465 4857 Domkus

1343 4905 1359 4966 3
