3404 5362
616 344 702 400 Anno
726 337 823 418 1389.
850 375 889 385 -
914 355 944 402 2.
969 343 1083 416 aprilis.
1428 362 1489 425 295

329 555 408 616 Item
428 553 545 615 Paulus
558 553 647 614 labet
664 566 778 614 octavo
796 551 847 612 die
859 565 968 614 contra
986 552 1153 614 Elizabeth
1172 553 1367 635 respondere
1381 554 1487 617 debet.

328 660 407 721 Item
426 660 528 721 laleta
544 660 662 721 mulier
678 672 793 721 octavo
818 658 869 720 die
887 673 997 720 contra
1015 664 1176 740 Agnesam
1193 672 1288 722 testes
1311 661 1490 742 producere

218 767 327 844 debet,
351 767 477 849 prImo:
503 768 642 844 Annam,
671 765 843 848 Matheyka
868 778 898 826 et
923 764 1091 826 Elizabeth
1115 766 1277 829 mulieres.

329 890 409 952 Item
434 889 559 952 Blasich
593 903 702 951 contra
728 888 923 971 Gregorium
956 889 1111 973 voyschar
1140 893 1247 972 prImn
1276 892 1391 953 citatus
1423 913 1489 955 non

219 998 413 1081 comparuit.

323 1103 403 1164 Item
423 1104 565 1164 Rosman
591 1115 700 1163 eontra
726 1100 905 1183 Georgium
931 1103 1036 1184 primo
1061 1102 1174 1164 citatus
1198 1123 1264 1165 non
1297 1105 1489 1187 comparuit.

326 1210 405 1273 Item
430 1230 524 1272 causa
543 1209 697 1271 Demetrii
716 1221 828 1271 contra
846 1209 985 1270 Borkam
1010 1229 1112 1291 usque
1129 1222 1203 1271 octo
1228 1209 1296 1271 dies
1320 1210 1359 1271 ad
1376 1231 1487 1294 pacem

219 1331 266 1379 eat
295 1328 432 1399 recepta.

327 1423 406 1484 Item
424 1422 561 1485 vicarius
578 1437 688 1484 contra
705 1423 908 1485 Anthonium
924 1422 1066 1485 secundo
1080 1422 1193 1483 citatus
1214 1441 1279 1483 non
1296 1423 1486 1505 comparuit.

326 1546 406 1609 Item
431 1545 592 1628 Georgius
619 1561 728 1608 contra
753 1547 924 1609 domInum
957 1547 1136 1608 Iohannem
1168 1559 1284 1608 octavo
1309 1547 1359 1608 die
1391 1561 1486 1609 testes

216 1654 387 1736 producet,
414 1653 580 1714 videlicet:
606 1653 734 1714 Petrum
760 1668 790 1714 et
815 1653 983 1715 Nicolaum
1009 1654 1198 1714 sacerdotes.

329 1778 407 1839 Item
421 1777 530 1839 Endre
544 1777 600 1839 Sib
614 1793 723 1839 contra
734 1777 919 1839 Simeonem
933 1777 1076 1839 secundo
1089 1778 1202 1838 citatus
1215 1796 1280 1838 non
1294 1779 1485 1859 comparuit.

327 1883 405 1944 Item
432 1883 583 1945 Nicolaus
608 1884 752 1945 Baboieb
777 1898 886 1945 contra
915 1884 1052 1945 Paulum
1084 1883 1239 1965 pictorem
1264 1903 1365 1964 usque
1389 1904 1483 1945 suum

220 1989 397 2051 adventum
423 1990 454 2050 in
480 1990 584 2071 prImo
608 1989 729 2070 judicio
753 1989 946 2072 respondere
970 1990 1065 2051 debet
1089 1991 1157 2051 siue
1182 1988 1354 2052 dilacIone.

328 2114 406 2175 Item
431 2113 518 2174 idem
543 2113 661 2175 Paulus
685 2128 795 2176 contra
813 2113 1043 2177 Stachunarich
1067 2114 1111 2175 sic
1132 2113 1221 2195 prius
1244 2115 1276 2175 iu
1300 2134 1394 2176 causa
1412 2135 1485 2198 pro·

215 2234 331 2301 rogata
355 2220 423 2281 sine
448 2220 680 2301 prorogacione
706 2220 898 2303 respondere
922 2221 1029 2282 debet.

327 2326 406 2388 Item
439 2324 543 2386 Draxa
567 2341 677 2388 contra
695 2327 895 2388 Anthonium
916 2327 1059 2389 seeundo
1077 2327 1190 2389 citatus
1213 2346 1278 2387 non
1296 2329 1486 2409 comparuit.

324 2432 402 2494 Item
427 2432 579 2494 Nicolaus
595 2432 790 2514 Iucifigulus,
807 2433 1000 2496 Benedictus
1017 2446 1127 2495 contra
1144 2433 1273 2516 Mathey
1296 2435 1486 2497 secundario

217 2538 306 2601 citati
332 2559 397 2601 non
423 2553 682 2621 comparuerunt.

325 2646 402 2707 Item
427 2645 694 2709 Zlatobradchich
719 2661 828 2709 contra
853 2647 1018 2709 Vrbanum
1044 2647 1150 2728 primo
1167 2647 1280 2709 ciratus
1304 2666 1369 2709 nott
1393 2667 1481 2709 com·

214 2752 332 2834 paruit.

323 2859 402 2921 Item
427 2859 587 2942 Georgius
605 2863 701 2923 Loter
725 2872 834 2921 contra
859 2858 1040 2921 Iohannem
1057 2859 1184 2942 Gracyn
1209 2859 1351 2921 secundo
1366 2861 1482 2922 citatus

214 2985 280 3027 non
306 2967 498 3048 comparuit.

326 3072 403 3135 Item
429 3074 518 3154 quod
543 3075 618 3154 quia
644 3073 761 3134 Paulus
787 3074 895 3134 Leuak
920 3091 976 3154 per
1000 3084 1095 3132 testes
1111 3069 1256 3132 efficaces
1279 3071 1311 3132 id
1336 3091 1483 3153 compro·

217 3179 316 3259 bavit,
341 3179 429 3260 quod
454 3180 586 3242 domIna
611 3180 693 3241 Vida
719 3179 847 3240 Thome
881 3191 1020 3259 quatuor
1049 3177 1151 3238 dietas
1175 3190 1255 3238 terre
1279 3190 1483 3240 testamenta·

215 3284 289 3347 liter
316 3285 461 3366 legasset,
487 3286 560 3347 ideo
586 3286 690 3347 eidem
712 3285 879 3347 videlicet:
904 3284 983 3344 duas
1008 3283 1075 3344 dies
1093 3282 1221 3344 Thome
1246 3299 1277 3346 et
1300 3284 1379 3345 alias
1403 3285 1482 3345 duas

214 3392 316 3454 dietas
340 3405 493 3454 annotato
519 3393 630 3471 Paulo,
656 3393 762 3454 eidem
787 3391 888 3453 Paulo
913 3389 1178 3471 adjudicavimus.

320 3517 397 3578 Item
422 3537 516 3578 causa
542 3516 669 3599 Maphie
695 3529 804 3577 contra
823 3514 1034 3576 Benedictum
1059 3534 1161 3596 usque
1186 3514 1363 3577 adventum
1381 3516 1481 3598 ipsius

218 3623 349 3706 Maphie
373 3637 419 3685 est
442 3639 624 3707 prorogata.

320 3730 398 3792 Item
432 3731 517 3812 Suga
550 3730 666 3792 muller
697 3744 812 3791 octavo
845 3729 896 3789 die
928 3747 1023 3810 super
1048 3746 1086 3788 eo
1118 3725 1263 3787 secundo
1295 3746 1328 3787 se
1352 3725 1479 3808 jurabit,

214 3837 302 3919 quod
328 3837 429 3919 ipsam
455 3838 572 3899 Paulus
596 3836 738 3919 prelatus
762 3837 968 3898 vulnerasset.

321 3943 398 4005 Item
424 3942 584 4024 Georgius
609 3943 826 4025 carpentarius
842 3956 956 4004 octavo
978 3942 1029 4003 die
1055 3956 1165 4004 contra
1190 3942 1384 4025 Gregorium
1401 3961 1478 4024 voy-

213 4048 303 4111 schar
328 4050 545 4131 respondebit.

319 4155 396 4217 Item
422 4156 548 4218 Mikech
574 4154 723 4237 Magdich
750 4175 850 4237 usque
873 4155 1053 4237 quindenas
1078 4154 1240 4235 Gregorio
1266 4155 1400 4217 voschar
1415 4169 1478 4218 tres

212 4259 280 4324 flor.
306 4262 374 4323 auri
400 4275 431 4323 et
455 4263 568 4344 viginti
594 4262 743 4324 denarios
767 4262 891 4324 solvere
917 4264 1022 4324 debet.

319 4386 397 4447 Item
422 4388 510 4468 quod
535 4388 610 4468 quia
628 4387 779 4448 dominus
798 4388 897 4465 Luka‚
923 4388 1132 4469 Dragozlaus,
1151 4387 1333 4450 Anthonius
1351 4386 1473 4449 Jursich

213 4507 242 4555 et
266 4493 421 4577 Gyurgek
455 4493 627 4555 Blanchich
661 4494 790 4554 luerunt
823 4496 925 4577 knezy
951 4495 1006 4556 iIIo
1038 4509 1184 4577 tempore
1215 4515 1311 4577 super
1334 4495 1473 4576 quadarn

212 4614 303 4681 terra,
329 4601 402 4662 ideo
428 4622 486 4663 nos
510 4601 630 4662 eisdem
655 4601 869 4682 juramentum
893 4601 1148 4681 adjudicavimus
1172 4603 1225 4663 tali
1252 4602 1361 4680 modo,
1386 4601 1473 4682 quod

212 4709 235 4770 si
271 4707 331 4790 ipsi
363 4707 467 4789 jurare
500 4708 634 4785 nollent,
668 4721 784 4768 extunc
817 4709 967 4770 Marenus
1001 4709 1096 4771 debet
1127 4709 1249 4790 jurare3
1275 4708 1341 4790 lpse
1366 4722 1472 4771 autem

212 4813 410 4896 Dragozlaus
434 4815 533 4897 ipsam
559 4833 686 4876 causam
710 4814 749 4874 ad
774 4814 925 4895 antiquos
949 4815 1070 4896 judices
1094 4815 1279 4897 appellavit.
