3404 5362
282 371 343 433 33²
645 355 733 413 Anno
756 368 849 431 ¹39⁰·
875 387 916 399 -
938 369 971 430 9.
996 355 1155 419 decembris.

283 459 956 467 ——..—.——-
1263 461 1540 469 ——ss

356 569 451 643 Feria
479 581 577 644 sexta
606 574 760 661 proxima
789 582 865 663 post
901 574 1026 646 festum
1054 574 1144 646 beati
1172 574 1290 664 Jacobi
1319 576 1476 664 apostoli.

815 725 884 805 (29.
901 726 1007 804 julii).

761 885 885 965 (Totum
909 887 1067 966 irregibile).

294 1098 390 1173 Feria
419 1110 516 1175 sexta
545 1107 697 1193 proxima
726 1113 802 1194 post
831 1106 954 1177 festum
981 1105 1072 1177 beati
1101 1104 1327 1178 bartholomei
1359 1106 1518 1195 apostoli.

385 1255 463 1317 ltcm
496 1255 595 1317 Vorih
628 1271 659 1319 et
684 1256 842 1319 Henricus
872 1270 982 1320 contra
1015 1257 1145 1319 Petrum
1176 1271 1208 1319 et
1239 1257 1411 1320 Nicolaum
1438 1257 1543 1340 primo

279 1360 365 1423 citati
391 1381 455 1423 non
480 1377 740 1444 comparuerunt.

383 1467 460 1529 ltem
487 1469 597 1529 Petrus
622 1469 775 1531 Scornich
802 1484 912 1532 contra
937 1470 1086 1534 Delasich
1119 1469 1310 1534 secundario
1336 1470 1453 1532 citatus
1478 1490 1541 1532 non

278 1576 468 1657 comparuit.

384 1680 462 1742 ltem
488 1681 602 1743 Paulas
627 1696 735 1744 contra
761 1683 872 1744 Bozou
897 1697 1011 1746 octavo
1036 1683 1089 1746 die
1114 1683 1331 1766 respondebit.

384 1787 461 1848 Item
488 1786 582 1850 Chon
607 1803 715 1850 contra
742 1788 928 1871 Gyaninum
951 1790 1056 1871 primo
1080 1790 1194 1852 citatus
1217 1810 1282 1853 non
1307 1791 1499 1872 comparuit.

387 1893 463 1955 ltem
489 1894 607 1956 Paulek
632 1910 746 1957 octavo
771 1895 822 1956 die
847 1916 997 1979 supereo
1021 1895 1139 1977 jurabit
1155 1896 1243 1979 quod
1267 1897 1332 1979 ipse
1358 1897 1540 1959 lohannem

277 1998 379 2060 filium
399 1999 477 2061 Bole
502 2021 574 2061 curn
599 2002 720 2082 sagittis
744 2021 808 2062 non
835 2001 976 2082 pellisset
993 2022 1050 2065 nec
1075 2022 1195 2085 equum
1211 2022 1305 2066 suum
1330 2004 1539 2081 vulnerasset,

277 2125 334 2167 nec
360 2104 386 2168 C
412 2120 441 2167 et
466 2108 524 2167 XV
549 2106 618 2170 flor.
643 2108 702 2169 sibi
728 2127 792 2169 non
818 2109 998 2190 recepisset.

484 2309 542 2380 Die
571 2310 703 2381 sabbati
733 2313 765 2381 in
794 2311 880 2382 festo
909 2313 1019 2383 sancti
1048 2309 1189 2384 Emericl
1220 2311 1325 2383 ducis.

782 2466 827 2543 (5.
852 2463 1037 2546 novembrii).

382 2602 458 2663 Item
473 2602 530 2684 (in)
545 2624 637 2665 causa
656 2624 719 2686 que
736 2608 917 2668 vertebatur
943 2605 1024 2667 inter
1048 2605 1179 2667 Matiam
1198 2605 1356 2668 decanum
1374 2621 1405 2667 et
1425 2606 1544 2668 Johan·

276 2727 350 2767 nem
375 2728 508 2789 parvum
543 2729 599 2790 pro
632 2711 770 2790 quadam
804 2712 912 2794 puella
938 2713 1035 2774 Lucia
1068 2725 1197 2791 vocata,
1228 2711 1294 2774 fllia
1318 2712 1456 2774 condam
1494 2713 1544 2774 Si-

276 2813 382 2873 monis
413 2813 550 2875 condam
584 2815 695 2895 jurati,
728 2838 785 2898 pro
819 2818 959 2900 quadam
991 2833 1084 2897 terra,
1113 2838 1176 2900 que
1213 2818 1292 2879 duas
1323 2818 1425 2879 dietas
1450 2819 1483 2880 in
1509 2839 1543 2879 se

276 2919 471 2999 continebat,
496 2920 582 2981 idem
606 2923 713 3004 puella
739 2926 949 3006 proponebat,
982 2923 1070 3005 quod
1094 2937 1177 2986 terra
1201 2924 1255 2986 illa
1280 2943 1336 2986 sua
1359 2938 1453 3003 esset,
1478 2944 1538 2987 nos

277 3027 469 3088 multociens
490 3027 763 3110 prolongavimus,
789 3030 875 3112 quod
896 3031 980 3092 idem
1005 3031 1112 3113 puella
1137 3044 1330 3093 monstraret
1352 3029 1412 3111 jus,
1437 3031 1463 3093 si
1486 3031 1544 3093 ali·

276 3133 366 3215 quod
391 3133 521 3196 haberet
545 3156 608 3217 que
640 3150 721 3197 esset
744 3135 793 3216 jus
817 3137 962 3215 civitatis,
987 3138 1054 3219 ipsa
1071 3138 1204 3198 minime
1229 3137 1334 3220 potuit
1359 3152 1538 3200 monstrare

275 3253 307 3301 et
330 3261 394 3302 non
421 3243 619 3320 monstravit,
650 3242 705 3304 sed
738 3258 908 3305 annotatus
933 3244 1046 3306 Matias
1076 3258 1165 3305 sutor
1196 3246 1318 3306 bonum
1350 3243 1399 3326 jus
1432 3265 1542 3307 coram

276 3347 369 3407 nobis
394 3349 583 3409 monstravit
601 3349 735 3411 literalia
754 3350 973 3429 instrumenta,
992 3350 1065 3412 ideo
1090 3369 1149 3411 nos
1173 3350 1233 3411 sibi
1259 3351 1395 3412 eandem
1422 3364 1541 3414 terram

275 3452 529 3532 adjudicavimus
554 3455 584 3515 in
610 3469 811 3537 perpetuum.
836 3460 932 3518 Anno
957 3457 1080 3518 domini
1107 3456 1411 3521 MCCCLXXXlX.

275 3669 370 3744 Feria
399 3680 497 3746 sexta
526 3678 679 3764 proxima
707 3683 784 3765 post
812 3677 936 3748 festum
956 3676 1190 3766 Concepcionis
1219 3679 1363 3767 virginis
1383 3678 1541 3768 gloriose.

774 3833 820 3905 (9.
844 3826 1022 3906 decembris).

381 3968 458 4030 ltem
490 3989 582 4030 causa
617 3971 701 4031 ltvan
733 3970 790 4032 filii
823 3972 920 4034 Marci
950 3985 980 4033 et
1012 3971 1177 4034 Benedicti
1209 3972 1284 4035 dicti
1320 3972 1541 4052 Koponouich

275 4095 333 4156 pro
358 4075 497 4156 quadam
522 4076 632 4157 domo,
666 4098 763 4159 quam
796 4079 881 4140 idem
916 4079 1130 4161 Koponouich
1162 4078 1352 4141 vendiderat
1375 4079 1541 4142 antedicto

276 4181 371 4259 lwan,
395 4184 596 4263 proponebat
620 4204 728 4246 coram
762 4185 855 4247 nobis
887 4186 990 4247 dictus
1022 4185 1250 4267 Koponouich,
1282 4184 1370 4267 quod
1402 4186 1541 4248 eandem

275 4286 408 4349 domum
434 4309 523 4350 suam
549 4310 646 4370 quarn
673 4292 861 4354 vendiderat
885 4292 970 4353 dicto
999 4292 1096 4370 lwan,
1120 4293 1219 4354 vellet
1247 4293 1460 4373 comprobare
1485 4312 1542 4374 per

274 4408 370 4456 testes
393 4393 573 4477 fidedignos
609 4398 697 4480 quod
723 4399 807 4461 idem
833 4398 917 4460 ltvan
943 4398 1147 4460 medietatem
1179 4398 1296 4460 domus
1327 4417 1384 4460 sue
1409 4396 1541 4458 deberet

274 4501 379 4581 legare
404 4522 504 4582 puero
529 4503 628 4586 ipsius
653 4505 880 4586 Koponouich,
916 4504 1005 4586 quod
1038 4505 1103 4586 ipse
1128 4505 1261 4566 minime
1292 4504 1399 4586 potuit
1422 4501 1541 4583 facere,

275 4627 351 4687 ergo
376 4608 630 4688 adjudicavimus
654 4612 752 4692 ipsam
779 4611 912 4673 domum
938 4611 1024 4672 dicto
1050 4610 1144 4674 lwan.

379 4715 457 4777 ltem
490 4717 600 4780 Touth
633 4718 806 4801 calcaripar
836 4732 944 4781 contra
978 4717 1157 4780 iohannem
1190 4718 1295 4802 primo
1323 4716 1438 4799 citatus
1473 4736 1539 4778 non

274 4823 463 4904 comparuit.
