3404 5362
634 316 724 377 Anno
747 314 836 394 1376.
860 352 900 359 —
923 330 955 391 9.
980 318 1061 377 maii.
1432 334 1468 390 41

310 531 390 593 Item
423 529 679 611 adjudicavimus
709 528 873 591 universas
912 528 1129 610 possessiones
1161 527 1298 589 condam
1332 527 1473 605 Strosak,

211 639 279 720 quia
303 637 374 699 sine
397 636 515 698 herede
540 649 741 698 remanentes
764 635 1015 716 reperiebantur,
1043 634 1122 695 duas
1146 646 1250 715 partes
1274 634 1468 714 pauperibus

213 759 240 806 et
262 743 398 806 ecclesie
430 757 538 805 nostre
566 741 753 824 parochiali,
782 741 913 802 terciam
945 753 1051 802 autem
1084 752 1206 821 partem
1239 739 1278 800 ad
1303 738 1473 801 utilitatem

213 863 314 913 nostre
338 849 476 912 civitatis
490 848 669 910 secundum
688 859 804 909 statuta
818 846 1019 929 privilegiata
1043 846 1184 927 predicte
1202 846 1337 907 civitatis
1355 860 1472 908 nostre.

213 957 243 1018 Si
273 976 352 1018 vero
385 955 580 1017 Blaskonem
610 953 713 1016 filium
747 953 876 1015 Strosalt
912 953 1083 1035 repatriare
1115 952 1318 1034 contingerit,
1343 952 1382 1013 de
1407 953 1473 1034 ipsa

209 1063 301 1125 tercia
326 1077 416 1145 parte
440 1063 500 1124 sibi
527 1060 750 1123 omnimodam
775 1059 933 1141 justiciam
958 1059 1180 1141 inpendemus.

312 1168 392 1231 ltem
423 1187 503 1230 uxor
533 1167 606 1228 lanz
635 1180 736 1228 tascar
772 1180 882 1227 contra
913 1165 1097 1246 Dragonam
1129 1179 1243 1226 octavo
1275 1166 1327 1227 die
1358 1165 1475 1246 jurabit

211 1294 299 1357 super
324 1293 374 1350 eo,
400 1273 487 1355 quod
512 1292 592 1335 uxor
617 1272 715 1354 ipsius
740 1272 912 1354 Dragonye
948 1290 1045 1332 unam
1069 1271 1212 1352 ligonem
1243 1271 1302 1332 sibi
1327 1291 1386 1353 pro
1410 1272 1473 1333 alia

212 1401 262 1442 sua
285 1380 397 1461 ligone
421 1379 560 1441 dedisset
585 1394 615 1440 et
639 1378 840 1460 assignasset.

312 1486 390 1548 ltem
416 1486 514 1547 Paule
539 1485 665 1550 mulieri
690 1504 753 1545 una
777 1483 919 1546 auricula
939 1482 1097 1544 incidatur
1120 1496 1152 1545 et
1175 1484 1310 1565 turpiter
1334 1483 1372 1544 de
1398 1484 1473 1544 civi-

213 1605 269 1653 tate
295 1592 475 1674 expellatur
498 1604 628 1673 propter
652 1589 771 1653 furtum
797 1591 892 1651 unius
921 1589 1041 1671 pellicii
1066 1603 1096 1651 et
1128 1590 1217 1670 quod
1237 1609 1292 1671 per
1316 1590 1391 1651 anni
1416 1590 1474 1651 cir·

213 1699 316 1760 culum
342 1711 373 1760 et
397 1717 463 1759 uno
488 1697 539 1759 die
563 1698 604 1759 ad
628 1698 728 1779 ipsam
754 1697 913 1758 civitatem
943 1696 1059 1758 intrare
1084 1716 1148 1758 non
1183 1696 1308 1774 debeat,
1334 1695 1421 1777 quod
1447 1696 1472 1757 si

213 1817 330 1886 reperta
355 1803 462 1883 fuerit,
487 1804 710 1886 suspendatur.

311 1911 391 1974 ltem
416 1931 510 1973 causa
536 1910 668 1992 Georgii
693 1924 724 1973 et
749 1909 856 1971 Lachk
881 1910 983 1972 estad
1007 1909 1120 1972 feriam
1143 1924 1264 1972 sextam
1287 1923 1469 1992 prorogata.

216 2129 305 2203 laria
333 2139 433 2202 sexta
461 2134 617 2220 proxima
646 2139 722 2220 post
748 2131 871 2203 festum
900 2133 1009 2203 sancti
1038 2131 1204 2222 johannis
1233 2138 1311 2203 ante
1339 2138 1471 2220 portam

767 2257 918 2327 latinam.

762 2410 808 2488 (9.
833 2410 925 2486 maie).

315 2550 424 2612 Primo
449 2568 542 2611 causa
566 2550 682 2611 Zelezk
707 2562 738 2611 et
772 2531 926 2631 Stephani
951 2561 998 2611 est
1028 2568 1085 2630 per
1106 2548 1298 2631 Dyonisium
1331 2563 1361 2611 et
1386 2549 1472 2610 lwan

218 2657 250 2718 ad
273 2671 349 2719 octo
374 2655 442 2718 dies
466 2669 590 2738 recepta
615 2655 656 2717 ad
679 2676 801 2738 pacem.

315 2762 394 2824 ltem
427 2761 573 2825 Geninus
605 2760 690 2824 filius
719 2761 895 2845 Mychaelis
926 2763 992 2824 Juri
1022 2762 1144 2846 Ryhtar
1175 2764 1208 2824 in
1233 2762 1313 2828 festo
1338 2761 1474 2824 Penthe-

218 2884 312 2932 costes
336 2889 422 2930 nunc
447 2869 592 2950 proxime
616 2883 751 2931 venturo
776 2889 894 2931 novem
918 2868 1060 2931 florenos
1084 2870 1248 2931 exsolvere
1272 2869 1377 2931 debet.
1418 2891 1420 2895 ¹

314 2977 394 3037 ltem
418 2995 512 3037 causa
537 2975 628 3037 Hans
652 2990 683 3037 et
707 2976 829 3038 Mareni
862 2989 909 3038 est
933 2995 989 3058 per
1014 2975 1172 3038 lanchech
1197 2989 1228 3039 et
1252 2976 1424 3037 Nicolaum
1439 2973 1474 3035 fi-

218 3078 287 3143 lium
313 3080 438 3145 Odolas
461 3082 502 3143 ad
526 3096 598 3144 octo
623 3082 691 3142 dies
715 3095 841 3163 recepta
864 3081 904 3142 ad
929 3101 1052 3164 pacem.

314 3188 393 3249 ltem
417 3187 549 3249 domina
574 3188 696 3249 Dicaua
719 3202 836 3250 octavo
865 3188 917 3249 die
941 3188 1058 3269 jurabit
1082 3189 1210 3250 racione
1235 3188 1400 3250 cuiusdam
1425 3207 1475 3249 ca-

222 3291 292 3372 licis,
317 3314 415 3376 quem
440 3294 602 3357 commisit
632 3295 707 3356 dare
732 3295 885 3358 Crisanus
918 3295 1056 3357 condam
1088 3296 1220 3358 maritus
1244 3315 1319 3357 suus
1343 3294 1474 3357 ecclesie

221 3398 302 3463 beate
328 3400 542 3482 Margarethe‚
565 3401 606 3462 ad
631 3401 801 3464 dicendam
826 3403 1002 3466 veritatem.

315 3507 395 3569 ltem
419 3506 680 3569 causaJanchech
697 3507 848 3569 aurifabri
867 3521 897 3570 et
913 3509 1064 3591 Stephani
1081 3509 1233 3571 sallivene
1248 3522 1294 3569 est
1307 3529 1363 3591 per
1375 3509 1475 3589 magi-

220 3623 309 3672 strum
320 3610 466 3673 Francha
480 3611 679 3674 aurifabrum
691 3627 721 3674 et
732 3613 928 3696 Stephanum
943 3615 983 3676 ad
997 3629 1070 3676 octo
1083 3615 1151 3676 dies
1164 3627 1291 3697 recepta
1302 3615 1341 3676 ad
1352 3635 1475 3697 pacem.
1507 3658 1514 3670 .

314 3717 393 3779 Item
407 3737 500 3779 causa
514 3718 649 3780 Janslini
663 3717 813 3781 aurifabri
828 3733 859 3782 et
872 3720 968 3781 Marci
983 3733 1028 3780 est
1044 3739 1101 3801 per
1126 3720 1313 3800 magistrum
1331 3721 1475 3783 Francha

221 3822 408 3886 aurifabrum
432 3838 463 3886 et
486 3822 690 3888 Anthonium
714 3826 826 3909 Renyz
857 3825 897 3887 ad
933 3839 1006 3888 octo
1037 3826 1105 3888 dies
1138 3839 1263 3907 recepta
1288 3827 1328 3888 ad
1353 3846 1475 3908 pacem.

314 3930 393 3992 ltem
418 3950 511 3993 causa
537 3931 670 4013 Georgii
695 3947 726 3994 et
750 3932 857 3994 Lachk
888 3932 1026 4015 lapicide
1056 3946 1103 3995 est
1127 3954 1183 4015 per
1206 3933 1310 3995 Ellam
1336 3954 1473 4016 parvum

221 4048 246 4096 et
265 4036 429 4098 Andream
454 4037 519 4122 Syb
543 4039 584 4101 ad
608 4053 682 4101 octo
708 4039 775 4102 dies
799 4053 924 4121 recepta
948 4040 988 4101 ad
1013 4060 1135 4122 pacem.

316 4142 396 4207 ltem
421 4143 574 4208 Clemens
596 4159 706 4208 contra
729 4147 892 4209 Andream
921 4146 1027 4228 primo
1060 4147 1174 4208 citatus
1198 4166 1262 4207 non
1287 4146 1476 4228 comparuit.

316 4249 395 4311 ltem
429 4250 581 4334 Nicolaus
611 4250 696 4314 filius
727 4252 852 4314 Nicolai
888 4265 998 4314 contra
1032 4252 1205 4314 Martinam
1231 4253 1335 4334 primo
1364 4252 1477 4314 citatus

220 4371 276 4417 non
302 4357 493 4439 comparuit.

316 4461 396 4524 ltem
432 4462 593 4546 Georgius
633 4465 865 4543 mercenarius,
898 4464 1082 4526 Anthonius
1122 4464 1245 4526 Jursich
1281 4477 1393 4525 octavo
1425 4464 1475 4525 die

220 4580 323 4629 contra
348 4567 492 4630 lwaoum
517 4590 551 4632 se
575 4571 692 4632 tercius
708 4569 824 4651 jurabit
848 4570 880 4630 in
902 4589 950 4645 eo,
976 4569 1063 4650 quod
1082 4570 1149 4651 ipse
1166 4570 1306 4652 quodam
1331 4583 1476 4651 ternpore

220 4689 278 4734 non
301 4684 433 4755 propter
456 4694 505 4735 res
529 4695 602 4736 snas
619 4675 786 4752 exulasset,
808 4675 862 4736 sed
881 4689 1010 4757 propter
1028 4676 1190 4757 quandam
1215 4675 1475 4738 vulneracionem

217 4778 298 4859 quod
325 4793 530 4862 perpetrarat.
