3404 5362
219 361 284 422 334
531 350 539 377 “
603 343 803 420 Ann01390.
827 378 870 388 -
893 358 945 419 29.
962 347 1112 419 januarii.

218 555 321 617 dictus
346 555 457 617 Petrus
481 554 597 635 longus
621 555 651 616 id
676 557 772 617 sociis
796 557 861 618 suis
885 574 951 616 non
976 553 1151 617 notificavit
1175 557 1264 637 quod
1291 557 1419 619 Blasius
1445 558 1514 618 de

219 660 303 723 Gara
329 661 360 722 in
385 681 441 723 sua
466 663 647 723 reversione
664 661 726 723 huc
752 662 850 723 nostri
869 661 904 724 in
929 661 1037 722 medio
1054 675 1185 722 venerat
1201 677 1231 722 et
1248 663 1288 723 ab
1315 663 1393 745 ipsis
1410 677 1500 726 octo

217 767 324 828 minus
355 767 463 829 medio
495 767 619 830 floreno
650 768 718 829 auri
751 780 1022 849 superreceperat,
1054 767 1128 830 ideo
1153 767 1212 850 ipsi
1244 768 1326 830 socii
1352 769 1403 830 sui
1430 767 1508 851 ipsi

217 873 311 934 Petro
336 873 448 953 viginti
472 873 541 935 flor.
566 873 641 936 dare
669 875 875 952 tenebuntur,
899 886 929 935 et
945 873 1101 935 terminus
1125 873 1267 955 ipsorum
1285 887 1362 936 octo
1379 874 1499 937 minus

219 979 328 1041 medio
353 979 420 1042 flor.
445 981 512 1042 auri
537 981 659 1062 positus
676 995 723 1043 est
746 1000 848 1063 usque
866 978 980 1042 festum
998 980 1097 1042 sancti
1122 981 1206 1062 regis
1223 980 1379 1063 Stephani
1399 1002 1491 1044 nunc

219 1085 403 1164 affuturum,
428 1086 470 1148 ita
502 1101 626 1164 tamen,
655 1086 792 1169 quodsi
826 1088 885 1170 ipsi
918 1087 995 1149 socii
1021 1088 1068 1149 sui
1093 1107 1111 1149 a
1135 1087 1222 1150 dicto
1255 1088 1366 1150 Blasio
1399 1089 1487 1171 ipsos

219 1207 292 1255 octo
316 1193 385 1258 flor.
411 1194 490 1273 auri,
515 1214 597 1276 quoa
620 1194 780 1278 superflue
812 1195 932 1277 recepit
964 1194 1115 1256 rehabere
1146 1195 1297 1276 poterint,
1322 1208 1400 1257 tunc
1426 1196 1485 1277 ipsi

218 1300 312 1361 Petro
329 1319 382 1361 sex
407 1299 474 1364 flor.
490 1301 557 1361 auri
583 1300 658 1362 dare
676 1300 811 1376 debent;
828 1301 852 1361 si
873 1320 949 1362 vero
966 1301 1052 1383 ipsos
1068 1314 1143 1363 octo
1160 1301 1267 1362 minue
1284 1301 1396 1364 medio
1414 1300 1485 1363 flor.

216 1405 284 1467 auri
309 1405 348 1467 de
374 1407 443 1489 ipso
469 1406 576 1469 Blasio
594 1407 633 1469 de
659 1407 743 1470 Gara
767 1408 920 1469 rehabere
936 1427 1002 1469 non
1025 1408 1175 1490 poterint,
1199 1421 1276 1469 tunc
1301 1409 1362 1491 ipsi
1390 1410 1483 1472 Petro

216 1526 278 1573 tres
303 1512 383 1590 flor„
409 1513 467 1595 ipsi
492 1514 613 1575 scilicet
637 1514 784 1576 Delasich
810 1528 841 1576 et
866 1515 989 1576 Blasius
1014 1513 1267 1577 Chestnikouich
1292 1514 1371 1576 dare
1398 1530 1482 1576 tene·

218 1621 348 1697 buntur,
372 1639 467 1701 super
490 1621 591 1681 tribus
616 1640 692 1682 vero
717 1620 785 1683 flor.
811 1622 879 1682 auri
913 1620 978 1703 ipse
1004 1621 1115 1683 Petrus
1139 1641 1212 1683 curn
1235 1621 1370 1684 Vrbano
1396 1623 1481 1683 socio

216 1739 297 1788 stare
322 1725 428 1788 debet.

325 1833 401 1894 Item
427 1853 518 1894 causa
553 1833 633 1895 Pero
666 1833 772 1896 Gallie
804 1854 860 1916 per
884 1833 1004 1915 juratos
1035 1836 1079 1896 sic
1103 1847 1149 1896 est
1180 1833 1363 1915 adjudicata
1388 1855 1480 1918 super

217 1939 358 2020 quodam
384 1952 527 2020 argento,
552 1939 639 2021 quod
658 1940 743 2001 idern
769 1941 849 2002 Pero
867 1938 945 2001 leria
968 1954 1055 2003 sexta
1080 1959 1165 2002 nunc
1178 1954 1309 2002 ventura
1336 1941 1478 2003 secundo

216 2065 249 2106 ee
274 2045 410 2127 jurabit,
443 2044 530 2127 quod
565 2046 631 2127 ipse
662 2045 804 2127 quodam
836 2060 1002 2128 argentum
1030 2047 1151 2108 Jacobo
1181 2046 1269 2107 dicto
1300 2046 1408 2128 Figuli
1442 2046 1478 2106 de

220 2151 375 2213 Petouina
408 2171 471 2213 non
505 2151 544 2212 ad
577 2151 722 2213 medium
754 2152 809 2214 sed
834 2153 1031 2233 integraliter
1063 2152 1167 2214 eidem
1201 2151 1402 2213 vendidisset
1428 2153 1481 2212 sed

218 2256 298 2320 lacie
323 2258 361 2319 ad
388 2256 500 2319 faciem
527 2258 722 2319 vendidisset
750 2259 856 2321 eidem
881 2260 1013 2321 Jacobo.
