3404 5362
600 329 803 411 Ann01384.
828 365 870 377 -
894 345 943 407 19.
960 332 1112 408 januarii.

637 547 735 624 Faria
764 557 863 624 sexta
890 569 1045 641 sequens.

724 707 784 781 (15.
801 704 966 780 januarii).

320 845 400 908 Item
425 844 602 926 Gregorius
628 842 724 905 lrater
748 843 897 905 Damiani
929 856 1039 906 contra
1071 843 1174 905 Viclto
1199 843 1344 905 secundo
1372 844 1480 905 citatus

217 973 281 1015 non
306 952 496 1035 comparuit.
1013 953 1014 956 ’

320 1057 397 1120 ltem
430 1058 598 1119 Pertoldus
622 1056 718 1118 frater
743 1056 817 1117 Else
841 1053 926 1117 filius
943 1056 1036 1117 Frich
1061 1055 1154 1138 (h)eri
1180 1056 1211 1117 in
1244 1054 1317 1118 loro
1342 1056 1375 1117 in
1401 1054 1480 1117 facto

215 1165 477 1247 interempcionis
502 1165 609 1226 relicte
627 1163 734 1244 Egidii
759 1161 906 1243 pellilicis
929 1162 1087 1244 legittime
1104 1161 1144 1224 ad
1161 1178 1344 1245 presentem
1372 1160 1481 1224 leriam

215 1285 335 1333 sextam
360 1271 585 1354 proclamatus,
611 1289 676 1330 non
703 1268 790 1330 venit
813 1268 966 1330 secundo·

323 1376 400 1438 Item
429 1375 564 1457 Egidius
587 1390 676 1436 sutor
700 1374 791 1456 (h)eri
817 1375 849 1435 in
879 1373 950 1435 loro
979 1375 1010 1435 in
1036 1372 1120 1436 lacto
1146 1374 1412 1455 interempcionis
1436 1392 1480 1434 re·

213 1483 287 1545 licte
314 1482 421 1563 Egidii
446 1481 593 1565 pellilicis
617 1481 773 1563 legittime
797 1481 837 1541 ad
854 1494 1035 1563 presentem
1054 1479 1165 1542 leriam
1189 1493 1313 1541 sextam
1336 1480 1478 1541 secundo

213 1588 442 1671 proclamatus,
467 1608 530 1650 non
557 1589 654 1649 venit.

322 1694 402 1756 ltem
427 1694 564 1756 Mathias
588 1694 725 1756 condam
754 1692 875 1775 juratus
906 1705 1016 1754 contra
1048 1691 1228 1754 Johannem
1255 1692 1410 1776 Grachyn
1436 1712 1481 1754 oc·

213 1814 288 1862 tavo
314 1801 367 1864 die
392 1801 611 1884 respondebit.

324 1908 401 1969 ltem
420 1908 507 1989 quod
525 1907 600 1988 quia
618 1907 702 1967 lwan
720 1906 823 1968 dictus
837 1905 947 1968 Perdis
963 1906 995 1967 in
1010 1904 1203 1986 quibusdam
1220 1905 1287 1965 suis
1304 1907 1487 1967 excessibus

215 2034 313 2097 quarn
330 2015 437 2097 sepius
453 2012 619 2075 manifeste
638 2028 684 2074 est
702 2026 855 2094 repertus,
880 2012 953 2073 ideo
978 2012 1177 2073 decrevimus
1201 2023 1231 2071 et
1249 2012 1485 2090 commisimus,

214 2120 304 2202 quod
329 2140 386 2182 sua
404 2119 586 2181 humanitas
603 2138 770 2200 nunquam
788 2118 860 2201 plus
883 2118 987 2179 valeat
1012 2137 1109 2199 quam
1134 2116 1309 2178 duodecim
1327 2116 1488 2180 denarios.

346 2319 443 2394 Feria
470 2324 579 2393 tercia
606 2323 763 2411 proxima
791 2329 868 2409 post
896 2320 1020 2392 leston
1048 2321 1159 2391 sancti
1188 2317 1365 2391 Anthonii.

725 2458 787 2533 (19.
801 2458 963 2532 junuarii).

321 2581 398 2641 ltem
425 2579 592 2640 Pertoldus
616 2577 710 2639 frater
735 2579 809 2640 Else
834 2577 918 2639 filius
942 2578 1036 2640 Friclr
1060 2576 1152 2660 (h)eri
1179 2576 1210 2638 in
1236 2574 1310 2639 foro
1343 2579 1376 2639 in
1403 2577 1487 2641 facto

215 2686 476 2767 interempcionis
501 2685 608 2746 relicte
628 2685 734 2765 Egidii
753 2683 899 2767 pellificis
922 2684 1081 2765 legittime
1098 2684 1247 2745 terciario
1268 2685 1489 2766 proclamatus

215 2793 255 2854 ad
278 2806 460 2875 presentem
485 2790 596 2853 feriam
620 2792 761 2869 terciam,
786 2811 852 2853 non
876 2791 974 2854 venit.

320 2899 398 2959 ltem
417 2898 551 2978 Egidius
567 2911 655 2957 sutor
679 2896 771 2977 (h)eri
790 2898 821 2957 in
839 2895 910 2958 loro
928 2897 960 2958 in
986 2896 1069 2958 lacto
1087 2897 1353 2978 interempcionis
1377 2899 1489 2961 relicte

215 3005 323 3086 Egidii
341 3002 487 3086 pellificis
511 3003 667 3084 legittime
692 3004 838 3064 terciario
863 3004 1078 3086 proclamatus
1095 3002 1135 3063 ad
1159 3016 1343 3085 presentem
1369 3002 1486 3066 leriam

215 3110 358 3188 terciam,
383 3130 447 3171 non
473 3111 570 3171 venit.

324 3217 402 3278 ltem
427 3217 515 3298 quod
540 3217 615 3297 quia
648 3218 781 3298 predicti
817 3217 986 3279 l'ertoldus
1011 3233 1042 3279 et
1075 3218 1210 3299 Egidius
1241 3231 1330 3279 sutor
1357 3233 1393 3280 ut
1417 3240 1488 3302 pre·

219 3324 323 3385 dictur
348 3324 379 3384 in
404 3324 505 3384 tribus
530 3323 607 3384 foris
631 3323 773 3403 legitime
798 3344 894 3406 super
917 3324 1094 3405 predictam
1122 3323 1388 3386 interleccionem
1414 3346 1486 3409 pro·

219 3430 346 3491 clamati
372 3449 436 3490 non
461 3443 628 3507 venerunt,
653 3443 683 3489 et
707 3450 739 3489 se
764 3450 780 3490 a
814 3428 894 3490 facie
919 3429 997 3510 juris
1027 3432 1247 3509 absentarunt,
1272 3431 1348 3492 ideo
1368 3451 1409 3492 ne
1434 3432 1488 3494 alii

218 3537 257 3597 ab
283 3555 321 3596 eo
345 3536 409 3597 sint
433 3536 615 3617 exemplati,
641 3537 721 3597 siin
747 3537 830 3599 dicta
848 3538 974 3599 civitate
1000 3538 1050 3597 vel
1075 3538 1144 3600 eius
1168 3538 1328 3601 territorio
1354 3540 1485 3620 reperiri

217 3656 367 3725 poterunt
391 3642 430 3704 de
455 3643 501 3703 eis
530 3643 670 3704 vindicta
691 3657 891 3724 sumpmatur
925 3644 1010 3704 iuxta
1042 3645 1308 3706 consvetudinem
1334 3645 1485 3708 civitatis.

323 3747 400 3808 ltem
427 3747 585 3828 Georgius
610 3764 718 3810 contra
745 3749 911 3809 Vrbanam
936 3750 1041 3831 primo
1058 3751 1172 3812 citatus
1196 3770 1260 3811 non
1288 3754 1484 3833 comparuit.

326 3854 403 3915 ltem
437 3854 574 3915 Mathias
606 3855 743 3916 condam
776 3855 896 3934 juratus
928 3856 1065 3917 Johanni
1099 3856 1249 3940 Grachyn
1285 3877 1339 3918 sex
1366 3877 1489 3922 marcas

218 3960 421 4021 denariorum
448 3980 549 4041 usque
575 3962 758 4043 quindenas
782 3961 906 4022 solvere
932 3962 1037 4024 debet.

324 4068 401 4128 ltem
431 4068 518 4149 quod
549 4070 624 4151 quia
656 4069 779 4129 Dikaua
814 4068 930 4130 mulier
962 4069 1071 4130 relicta
1105 4069 1230 4133 Crisani
1256 4071 1288 4132 in
1320 4075 1490 4153 presencia

218 4174 360 4256 magistri
385 4177 621 4237 tavarnicorum
647 4190 676 4236 et
702 4175 802 4235 eciam
828 4194 936 4236 coram
961 4177 1055 4237 nobis
1083 4191 1193 4239 contra
1218 4176 1315 4240 filiam
1341 4199 1436 4242 suam
1461 4195 1491 4244 et

220 4282 425 4344 Franciscum
450 4281 587 4342 condam
612 4280 751 4360 judicem
780 4301 934 4359 generum
969 4282 1124 4363 quasdam
1150 4283 1245 4345 falsas
1269 4284 1377 4347 literas
1401 4289 1491 4350 exhi·

219 4389 324 4450 buisse
350 4402 395 4448 est
420 4400 553 4469 reperta,
580 4386 652 4448 ideo
678 4406 816 4448 unacum
842 4389 993 4469 magistro
1011 4391 1248 4451 tavarnicorum
1275 4391 1380 4452 eciam
1405 4395 1490 4475 regi-

220 4494 283 4554 nali
310 4494 461 4554 mandato
492 4493 724 4554 interveniente
758 4493 858 4574 ipsam
892 4494 1049 4556 Dikauam
1087 4509 1171 4557 extra
1203 4496 1366 4557 civitatem
1392 4497 1490 4561 licen-

219 4599 374 4661 ciavimus
397 4600 451 4677 ita,
476 4599 563 4679 quod
589 4617 754 4679 nunquam
782 4599 821 4659 de
845 4612 951 4660 cetero
977 4601 1008 4660 in
1038 4601 1200 4663 civitatem
1226 4602 1343 4663 intrare
1369 4607 1490 4685 possit3

218 4705 243 4765 si
268 4725 343 4767 vero
369 4706 400 4765 in
425 4704 551 4766 civitate
575 4718 700 4786 reperta
725 4703 830 4782 luerit,
854 4718 931 4767 tunc
956 4706 995 4767 de
1025 4707 1091 4789 ipsa
1116 4708 1258 4770 vindicta
1283 4726 1490 4792 sumpmatur

220 4813 305 4874 iuxta
330 4813 511 4874 libertatem
535 4813 682 4875 civitatis.

746 4923 957 4942 —00000—
