3404 5362
600 354 687 412 Arme
712 366 797 429 1377.
823 386 862 396 -
886 364 934 429 27.
952 354 1112 427 februarii.

326 564 402 626 Item
430 564 532 624 Ziulro
550 576 664 625 octavo
689 561 740 623 die
758 582 790 623 se
814 563 973 624 secundus
994 562 1110 643 jurabit
1136 563 1167 624 in
1193 582 1243 642 eo,
1267 563 1356 645 quod
1382 564 1490 646 ipsum

222 669 385 732 Johannes
407 668 492 731 filius
517 669 600 731 Petri
625 668 851 730 vulneraverit.

326 776 406 839 item
431 776 517 836 idern
543 774 705 836 Johannes
728 794 761 836 se
785 787 891 835 sextus
918 774 1034 856 jurabit
1058 774 1090 834 in
1115 793 1165 852 eo,
1190 774 1279 855 quod
1304 775 1370 857 ipse
1396 794 1495 835 suam.

221 883 391 965 pecuniam
415 901 480 943 non
505 881 659 963 receperit
682 900 743 943 nec
766 880 872 962 ipsum
896 880 1109 941 derobavcrit.

328 988 404 1049 ltem
431 989 510 1049 alter
533 986 632 1048 homo
657 986 774 1067 jurabit
798 1007 831 1048 se
864 1001 996 1067 quartus
1020 986 1051 1047 in
1077 1006 1126 1064 eo,
1161 986 1249 1067 quod
1274 985 1334 1047 sibi
1359 986 1488 1048 nullum

221 1094 343 1156 malum
367 1093 549 1156 intullisset.

327 1201 405 1262 Item
430 1199 514 1260 lwan
545 1197 663 1279 figulus
693 1211 807 1261 octavo
840 1198 891 1259 die
916 1215 1024 1260 contra
1059 1204 1234 1280 Agnessam
1259 1199 1429 1261 mulierem
1454 1218 1488 1260 se

219 1306 337 1368 tercius
360 1304 477 1387 jurabit
499 1324 594 1386 super
619 1324 668 1384 eo,
692 1304 781 1385 quod
806 1305 908 1387 ipsam
932 1324 997 1366 non
1022 1305 1248 1367 verberaverit.

369 1522 467 1597 Feria
494 1533 593 1597 sexta
622 1527 777 1615 proxima
806 1533 884 1597 ante
913 1526 1113 1596 dominicam
1141 1524 1235 1597 Oculi
1265 1527 1340 1595 mei.

720 1677 785 1758 (27.
802 1677 978 1758 februarii).

326 1819 434 1881 Primo
459 1818 620 1881 Johannes
653 1818 738 1881 filius
761 1820 845 1881 Petri
874 1834 983 1881 contra
1009 1819 1098 1903 Syulr
1122 1839 1154 1881 se
1185 1819 1395 1900 solempniter
1425 1837 1485 1879 suo

220 1924 400 2006 juramento
424 1925 580 2006 premisso
608 1926 805 2008 expurgavit.

327 2031 405 2093 ltern
430 2029 590 2111 Georgius
606 2030 736 2112 jobagio
753 2032 895 2114 magistri
909 2030 1035 2094 Nicolai
1053 2031 1092 2094 de
1110 2031 1308 2094 Coztanicha
1325 2051 1358 2093 se
1375 2043 1484 2091 contra

220 2134 360 2198 eundem
385 2137 473 2220 Syulr
498 2138 694 2219 expurgavit.

327 2244 404 2305 ltem
430 2243 538 2305 Sibich
572 2257 603 2306 et
627 2245 726 2305 Pazar
755 2259 865 2306 contra
890 2247 979 2307 Mari<
1011 2259 1125 2306 octavo
1156 2244 1208 2306 die
1232 2243 1484 2326 respondebunt.

326 2349 401 2410 ltem
428 2349 564 2410 Mathias
588 2350 729 2411 concivis
764 2365 871 2413 noster
904 2352 934 2412 in
961 2352 1060 2413 nostri
1092 2351 1257 2434 presencia
1281 2349 1412 2411 firmiter
1435 2370 1484 2409 as-

221 2455 356 2536 sumpsit
379 2454 468 2535 quod
493 2475 685 2537 quecunque
702 2455 841 2537 dampna
859 2458 891 2518 in
909 2458 1038 2518 cellario
1057 2456 1267 2519 Chuchlronis
1291 2456 1389 2517 nostri
1407 2475 1484 2516 con-

221 2560 298 2622 civis
321 2561 474 2640 magistro
499 2561 637 2622 iohanni
663 2561 777 2643 Crispo
796 2577 904 2627 nostro
920 2564 1067 2625 similiter
1091 2563 1213 2624 concivi
1239 2563 1403 2625 evenirent
1427 2582 1485 2643 per

219 2665 381 2727 stillicidia
411 2667 460 2727 vel
493 2664 631 2744 furtum,
663 2680 717 2728 aut
749 2667 858 2728 circuli
891 2669 1031 2749 ipsarum
1062 2669 1258 2731 tunellarum
1291 2688 1348 2750 per
1379 2669 1483 2749 ipsam

217 2790 335 2851 aquam
359 2770 619 2853 deperderentur,
643 2772 729 2833 idem
754 2772 890 2833 Mathias
913 2775 1083 2855 assumpsit
1107 2787 1304 2856 supportare.

323 2876 401 2937 ltem
437 2876 598 2939 Johannes
632 2877 736 2939 Vosos
767 2892 876 2940 contra
915 2880 1088 2960 parlerium
1124 2881 1229 2961 primo
1266 2879 1379 2941 citatus
1415 2898 1481 2941 non

218 2982 409 3066 comparuit.

323 3090 401 3152 ltem
425 3089 579 3151 Nicolaus
602 3104 711 3152 contra
730 3092 902 3153 Martinum
916 3092 1059 3153 secundo
1076 3092 1189 3154 citatus
1206 3112 1271 3153 non
1289 3092 1481 3171 comparuit.

321 3196 399 3258 Item
417 3196 580 3259 Johannes
596 3210 705 3259 contra
723 3197 956 3279 Margaretham
970 3199 1075 3280 primo
1088 3199 1201 3260 citatus
1211 3218 1276 3259 uon
1291 3199 1481 3279 comparuit.

321 3303 399 3365 ltem
424 3303 586 3365 Johannes
609 3301 693 3364 lilius
725 3301 869 3366 Domkus
899 3318 1009 3367 contra
1037 3303 1216 3385 Georgium
1248 3317 1402 3366 sartorem
1428 3324 1482 3366 oc·

216 3422 293 3471 tavo
317 3409 369 3471 die
394 3408 610 3491 respondebit.

320 3516 398 3578 ltem
423 3515 590 3577 Emericus
612 3530 721 3577 contra
746 3516 875 3579 Petrum
903 3517 1045 3579 secundo
1070 3517 1183 3579 citatus
1199 3537 1264 3579 non
1289 3517 1480 3598 comparuit.

321 3621 398 3684 ltem
423 3622 508 3683 lwan
532 3634 642 3683 contra
666 3622 836 3683 Nicolaum
862 3636 976 3685 octavo
1000 3623 1051 3684 dic
1081 3623 1297 3705 respondebit.

322 3729 400 3790 Item
417 3727 624 3810 Wllrouycha
647 3742 756 3790 contra
774 3728 952 3810 Georgium
966 3730 1071 3810 primo
1088 3730 1181 3791 citata
1199 3749 1263 3790 non
1288 3730 1480 3810 comparuit.

322 3834 400 3896 ltem
435 3832 555 3895 Dicaua
598 3845 707 3896 contro
741 3834 943 3917 Mychaelem
981 3834 1084 3897 Ortoli
1128 3836 1232 3918 primo
1273 3835 1365 3897 citata
1412 3856 1478 3897 non

215 3940 404 4024 comparuit.

320 4048 397 4110 ltem
421 4046 573 4109 Nicolaus
603 4045 688 4109 filius
719 4046 843 4109 Crisani
876 4061 984 4109 contra
1018 4049 1185 4111 Marenum
1219 4062 1250 4111 et
1274 4047 1478 4112 Clementem

215 4155 321 4238 primo
345 4155 459 4216 citatus
482 4172 547 4214 non
573 4153 752 4236 comparuit
776 4166 807 4215 et
831 4153 1020 4233 Georgium.

322 4259 399 4321 ltem
428 4258 588 4321 lanchech
619 4273 733 4322 octavo
758 4258 810 4321 die
842 4279 897 4341 per
925 4259 1062 4321 lwauam
1089 4274 1119 4322 et
1150 4260 1302 4342 Gungam
1327 4262 1477 4324 atestabit

215 4386 377 4449 supereo,
401 4365 489 4447 quod
507 4364 681 4446 Gregorius
706 4366 830 4427 institor
848 4365 871 4427 F
874 4365 963 4448 loryz
988 4381 1116 4427 centum
1134 4366 1281 4427 denarios
1303 4380 1476 4429 teneretur.

321 4472 399 4536 ltem
421 4471 578 4534 Martinus
601 4485 710 4533 contra
736 4472 889 4533 Dicauam
922 4473 1026 4555 primo
1055 4473 1167 4535 citatus
1196 4492 1260 4533 non
1285 4474 1476 4555 comparuit.

320 4579 398 4643 ltem
423 4578 616 4642 Benedictus
640 4591 749 4640 contra
774 4578 948 4640 Bedicham
977 4594 1090 4641 octavo
1115 4578 1166 4640 die
1192 4579 1409 4661 respondebit.

319 4688 398 4750 ltem
433 4687 614 4770 Stephanus
652 4686 746 4746 Zolar
774 4699 883 4747 contra
915 4688 1097 4768 Dragonam
1130 4687 1235 4768 primo
1267 4687 1380 4748 citatus
1411 4705 1475 4747 non

213 4794 406 4878 comparuit.
