3404 5362
608 288 694 344 Anno
717 298 804 363 1377.
829 321 871 329 —
893 282 945 348 28.
971 288 1082 360 aprilis.

318 499 396 560 Item
421 499 496 580 quia
522 497 684 560 Johannes
718 499 832 559 lieber
863 498 1024 579 quandam
1058 499 1185 559 vineam
1217 498 1357 559 condam
1382 498 1478 559 Blasii

215 605 291 667 dicti
316 606 529 683 Bremennalr,
555 605 631 665 dum
657 605 689 666 in
714 603 797 665 facto
814 605 950 666 civitatis
974 604 1014 664 ad
1031 604 1198 666 dominum
1225 623 1333 685 regem
1360 605 1477 683 ivisset,

213 733 230 773 a
255 711 447 772 vendicione
472 724 502 772 et
527 712 695 793 empcione
720 711 882 791 quoslibet
906 710 1131 792 prohibuisset,
1150 712 1251 793 ipsam
1277 712 1406 773 interim
1432 712 1478 773 vi·

213 837 307 879 neam
333 817 469 899 Mykech
499 815 583 878 filius
616 817 744 878 Martini
777 830 884 879 noster
915 817 1055 878 concivis
1086 818 1193 898 precio
1218 818 1273 878 Xll
1299 837 1480 879 marcarum

213 935 428 1006 comparasset
450 942 515 984 non
540 924 687 984 obstante
705 921 927 1004 prohibicione
945 922 1097 1004 predicta,
1116 937 1146 984 ct
1170 924 1245 1003 quia
1263 924 1479 1004 propinquior

214 1049 294 1092 uxor
318 1030 417 1111 ipsius
434 1029 589 1090 lohannis
614 1029 729 1090 Lieber
746 1029 845 1090 nostri
863 1029 1028 1089 assessoris
1044 1029 1188 1110 predicto
1209 1029 1316 1090 Blasio
1341 1030 1480 1110 reperie-

214 1138 318 1215 batur,
336 1136 472 1197 eandem
497 1135 556 1196 sibi
575 1134 830 1216 adjudicavimus
851 1149 1006 1216 perpetuo
1024 1134 1250 1216 possidendam
1268 1149 1298 1195 et
1322 1135 1482 1216 predictas

213 1241 271 1302 Xll
296 1261 417 1303 marcas
442 1261 543 1322 usque
568 1240 654 1301 diem
678 1240 812 1301 tercium
846 1240 967 1301 dandas
991 1260 1048 1321 per
1079 1240 1229 1317 eundem,
1261 1241 1349 1321 prius
1372 1253 1481 1300 tamen

214 1348 362 1430 deposito
380 1348 560 1428 juramento
578 1367 633 1428 per
658 1346 837 1408 Johannem
854 1346 1044 1427 predictum,
1062 1346 1150 1427 quod
1168 1346 1248 1407 nulli
1266 1347 1359 1406 alteri
1379 1348 1481 1427 ipsam

214 1466 415 1534 compararet
439 1453 498 1514 nisi
523 1452 584 1513 sibi
609 1466 639 1513 et
663 1471 718 1513 sue
743 1452 833 1513 uxori
862 1452 1039 1527 antedicte;
1065 1452 1232 1533 ipsamque
1255 1471 1384 1513 causam
1410 1471 1482 1533 pre·

214 1560 318 1621 dictus
350 1558 485 1641 Mykech
516 1558 555 1619 ad
588 1559 737 1638 antiquos
769 1558 890 1637 judices
920 1557 1095 1639 appellavit
1126 1557 1165 1619 ad
1197 1559 1367 1618 sabbatum
1393 1578 1482 1619 nunc

215 1667 397 1728 instantem.

321 1771 399 1832 ltem
432 1770 579 1852 Mychael
608 1770 692 1831 filius
719 1770 809 1830 Pauli
836 1771 865 1830 in
892 1769 1063 1850 quindenis
1088 1768 1225 1830 iohanni
1251 1769 1330 1830 duas
1352 1789 1477 1830 marcas

216 1878 420 1939 denariorum
446 1890 576 1959 propter
599 1897 654 1937 sua
672 1876 828 1957 vituperia
856 1876 1019 1936 exsolvere
1048 1875 1143 1936 debet
1171 1889 1202 1935 et
1218 1874 1315 1956 judici
1334 1875 1477 1935 mediam

216 2003 366 2045 marcam.

322 2089 400 2151 ltem
425 2089 615 2149 Dominicus
631 2088 747 2169 jurabit
772 2089 859 2169 quod
878 2089 944 2170 ipse
966 2102 1104 2169 quatuor
1121 2086 1190 2147 fior.
1215 2086 1254 2147 ad
1280 2086 1384 2148 lusich
1402 2087 1479 2149 dare

216 2216 282 2257 non
307 2196 396 2256 dixit.

321 2302 398 2362 ltem
424 2300 598 2381 Gregorius
622 2321 655 2360 se
673 2301 787 2361 tercius
811 2300 927 2381 jurabit
951 2298 1029 2360 feria
1045 2299 1142 2361 tercia
1162 2314 1234 2382 post
1258 2298 1374 2360 festum
1393 2301 1480 2362 beati

217 2407 348 2488 Georgii
374 2407 511 2467 martiris
534 2426 629 2487 super
653 2426 702 2483 e0,
720 2408 807 2487 quod
826 2408 892 2489 ipse
909 2407 1053 2488 predicto
1079 2405 1250 2466 Dominico
1276 2406 1345 2465 Xlll
1370 2407 1481 2487 pensis

217 2512 421 2574 denariorum
446 2532 511 2573 non
534 2525 705 2574 teneretur.

322 2618 399 2679 Item
424 2619 589 2679 Cristanus
613 2631 722 2680 contra
748 2619 876 2680 Petrum
901 2618 1043 2679 secundo
1061 2618 1174 2679 citatus
1197 2639 1260 2679 non
1286 2621 1480 2701 comparuit.

362 2839 507 2909 Sabbata
537 2841 688 2927 sequenti
718 2847 793 2928 post
822 2839 1007 2927 predictam
1035 2839 1155 2910 leriam
1185 2847 1330 2910 sextam.

743 2989 807 3069 (18.
824 2993 949 3067 aprilis).

408 3131 497 3190 Actus
520 3134 701 3205 antiquorum
722 3134 856 3205 judicum,
881 3135 1022 3190 tribunale
1046 3136 1074 3190 et
1098 3134 1285 3206 adjudicatio.

327 3271 434 3332 Primo
459 3271 591 3333 domina
618 3271 817 3351 Margaretha
850 3292 929 3333 uxor
962 3272 1117 3334 lobannis
1143 3274 1257 3334 lieber
1281 3272 1359 3332 feria
1385 3273 1484 3334 tercia

218 3378 374 3460 proxima,
398 3397 483 3438 nunc
505 3378 650 3459 proxime
683 3392 827 3455 ventura,
852 3378 968 3457 jurabit
989 3380 1055 3440 sola
1080 3393 1190 3441 contra
1216 3378 1352 3461 Mykech
1378 3378 1483 3441 filium

219 3484 347 3545 Martini
373 3503 540 3565 supereo,
566 3483 652 3565 quod
679 3484 746 3565 ipsa
770 3504 836 3545 non
854 3486 1065 3547 consensisset
1090 3505 1195 3547 emere
1219 3486 1278 3546 sibi
1304 3485 1483 3566 predictam

218 3589 345 3650 vineam
371 3589 467 3650 Blasii
502 3590 712 3667 bremennalr‚
745 3603 776 3650 et
807 3590 938 3654 demum
972 3591 1133 3652 lohannes
1165 3592 1280 3652 Lieber
1304 3592 1423 3671 jurabit
1449 3606 1485 3653 ut

219 3707 265 3756 est
282 3714 481 3776 expressum;
499 3695 678 3776 juramento
696 3696 803 3777 itaque
821 3696 967 3778 deposito
984 3717 1137 3777 expensas
1150 3718 1206 3780 per
1223 3698 1326 3780 ipsum
1342 3698 1482 3780 Mykech

219 3819 313 3883 super
344 3800 411 3882 ipsa
450 3801 542 3863 vinea
576 3816 742 3883 erogatas,
773 3803 861 3883 prius
892 3823 949 3883 per
980 3803 1085 3884 ipsum
1116 3802 1296 3884 juramento
1332 3804 1483 3866 similiter

219 3906 379 3988 deposito,
416 3905 502 3968 idem
533 3907 694 3969 lohannes
725 3908 884 3987 exsolvet,
917 3908 1116 3990 ipsaquoque
1148 3909 1241 3970 vinea
1266 3909 1326 3969 sibi
1358 3922 1388 3970 et
1426 3929 1484 3971 sue

219 4011 310 4074 uxori
335 4011 523 4074 devolvetur
547 4014 675 4096 proprie
698 4014 901 4095 possidenda.

246 4227 343 4303 Feria
373 4232 478 4303 tercia
515 4234 669 4319 proxima
701 4239 777 4322 post
809 4233 931 4304 festum
969 4235 1059 4305 beati
1089 4236 1193 4307 Marci
1231 4236 1456 4323 evangeliste.

732 4382 797 4460 (28.
827 4385 951 4458 aprilis).

326 4522 434 4585 Primo
459 4522 619 4585 lohannes
643 4522 805 4617 Chemqrii
833 4539 944 4587 contra
969 4525 1166 4608 Stephanum
1199 4527 1342 4589 secundo
1367 4528 1483 4592 citatus

220 4647 286 4690 non
318 4630 507 4712 comparuit.

327 4736 405 4797 Item
430 4738 611 4800 Alexander
627 4757 685 4799 suo
703 4739 858 4818 premisso
873 4739 1059 4802 testimonio
1076 4741 1221 4803 atestavit
1238 4742 1270 4802 in
1289 4741 1349 4803 hiis
1366 4743 1484 4823 verbis,
