3404 5362
520 357 719 437 Ann01389.
744 394 781 403 —
808 371 836 435 7.
862 360 946 420 maii.
1308 378 1369 440 299

109 597 206 671 Faria
236 606 337 670 sexta
367 600 522 688 proxima
552 605 628 687 post
656 598 781 669 testum
809 600 898 670 beati
936 599 1101 689 Johannis
1138 607 1215 670 ante
1242 605 1375 688 portam

665 722 818 793 latinam.

659 890 704 971 (7·
727 891 824 972 maa·

216 1054 293 1115 Item
320 1052 458 1115 Michael
476 1052 562 1113 filius
580 1051 727 1114 Damiani
745 1064 856 1113 contra
873 1051 1033 1112 Briccium
1051 1051 1242 1112 secundario
1261 1051 1376 1113 citatus

107 1181 170 1222 non
198 1160 390 1243 comparuit.

216 1267 294 1329 item
318 1266 464 1349 Philipus
488 1266 605 1329 medici
639 1279 749 1327 contra
776 1265 991 1347 Dragozlaum
1015 1264 1154 1346 juratum
1183 1278 1298 1327 octavo
1324 1266 1375 1327 die

109 1374 327 1457 respondebit.

216 1480 294 1542 Item
327 1480 439 1541 Petrus
475 1478 615 1540 decanus
651 1492 761 1541 contra
795 1478 924 1561 Mathey
956 1479 1056 1540 decan
1088 1480 1230 1541 secundo
1263 1479 1377 1540 citatus

110 1607 174 1650 non
201 1586 391 1668 comparuit.

216 1694 294 1755 Item
324 1693 410 1754 idern
443 1691 572 1775 Mathey
604 1692 704 1753 decan
737 1706 851 1754 octavo
888 1693 938 1753 die
972 1706 1081 1753 contra
1114 1692 1245 1753 Petrum
1270 1691 1377 1754 rufum

110 1816 203 1862 testes
228 1800 405 1883 producere
431 1801 537 1861 debet.

214 1907 292 1968 Item
305 1905 389 1967 idem
409 1907 520 1968 Petrus
536 1918 645 1968 contra
659 1906 798 1967 eundem
818 1905 948 1988 Mathey
960 1920 1074 1968 octavo
1088 1905 1140 1966 die
1157 1906 1373 1988 respondebit.

215 2013 292 2074 Item
323 2012 432 2074 relicta
458 2013 602 2074 Earnabe
626 2012 797 2074 sacerdotis
810 2011 843 2095 (i)
868 2027 977 2074 contra
1001 2012 1130 2074 Petrum
1155 2012 1260 2094 primo
1283 2013 1376 2074 citata

110 2120 299 2202 comparuit.

214 2225 294 2287 Item
319 2226 430 2287 Petrus
454 2226 493 2287 de
520 2225 688 2287 Branouch
713 2239 821 2287 contra
848 2225 1018 2287 Lucasium
1044 2225 1148 2307 primo
1173 2225 1288 2288 citatus
1311 2246 1376 2287 non

111 2352 174 2394 non
199 2332 389 2415 comparuit.

216 2441 296 2501 ltem
320 2439 469 2501 Vrbanus
493 2452 602 2501 contra
628 2439 806 2521 Georgium
831 2441 936 2522 primo
955 2440 1067 2502 citatus
1091 2460 1155 2502 non
1182 2440 1372 2521 comparuit.

218 2546 296 2607 Item
315 2546 426 2608 Petrus
443 2559 552 2608 contra
572 2545 764 2627 Gregorium
786 2546 942 2628 voyschar
960 2560 1073 2608 octavo
1091 2546 1142 2607 die
1160 2546 1377 2627 respondebit.

221 2653 298 2739 item
323 2652 411 2734 quod
436 2653 651 2734 juramentum
670 2652 812 2734 Georgio
839 2653 1038 2734 carpentario
1064 2673 1159 2735 super
1183 2653 1376 2735 quibusdam

111 2759 204 2841 paliis
221 2772 331 2820 contra
348 2759 475 2840 aliquos
492 2760 641 2821 concives
657 2758 967 2839 adjudicaveramus,
992 2759 1091 2821 iidem
1108 2760 1255 2822 concives
1272 2759 1376 2821 eidem

113 2865 192 2927 iilud
218 2864 434 2944 juramentum
459 2865 661 2928 dimiserunt.

217 2973 294 3034 item
327 2973 452 3034 Samlar
483 2989 593 3035 contra
626 2973 819 3054 Gregorium
852 2973 1007 3056 voyschar
1038 2974 1229 3036 secundario
1266 2975 1379 3035 citatus

114 3098 178 3140 non
204 3079 394 3160 comparuit.

219 3186 297 3247 item
323 3185 491 3247 Elizabeth
516 3205 596 3246 uxor
622 3187 728 3248 Mathe
753 3201 862 3248 contra
895 3185 1108 3265 Anthonium,
1143 3185 1376 3266 Margaretham

116 3307 144 3355 et
170 3294 303 3356 alteram
330 3291 564 3373 Margaretham
593 3308 706 3354 octavo
731 3293 781 3353 die
807 3292 925 3374 (testes)
950 3292 1127 3374 producere
1153 3292 1257 3354 debet.

217 3416 296 3477 Item
313 3415 498 3478 Anthonius
521 3415 643 3497 juratus
666 3432 776 3479 contra
798 3417 999 3479 Anthonium
1024 3417 1162 3479 Zitarich
1186 3431 1300 3479 octavo
1325 3417 1377 3478 die

116 3523 332 3605 respondebit.

220 3628 299 3690 ltem
333 3630 442 3691 relicta
474 3630 598 3713 Paulyn
623 3645 731 3692 contra
765 3632 828 3692 Res
860 3645 973 3693 octavo
999 3631 1050 3692 die
1083 3645 1177 3693 testes
1200 3631 1378 3712 producere

115 3734 207 3797 debet
243 3750 352 3797 contra
390 3736 559 3797 Korlatum
594 3751 738 3798 sutorem
772 3751 802 3799 et
843 3737 1105 3799 Hansetinicham
1144 3750 1175 3800 et
1206 3737 1376 3798 dominum

116 3841 297 3906 Miklinum.

219 3949 296 4010 Item
329 3948 492 4010 Johannes
516 3964 624 4011 contra
649 3949 851 4012 Anthonium
876 3950 1013 4011 Zitarich
1038 3951 1143 4032 primo
1174 3950 1287 4013 citatus
1312 3970 1378 4012 non

115 4056 304 4138 comparuit.

161 4242 164 4249 Ι
219 4163 298 4224 ltem
332 4162 500 4225 Elizabeth
536 4163 652 4224 mulier
688 4177 796 4225 contra
834 4164 1005 4225 Koriatum
1040 4164 1143 4246 primo
1180 4164 1273 4226 citata
1313 4184 1378 4225 non

111 4269 303 4352 comparuit.

220 4376 297 4438 ltem
323 4376 437 4438 Paulas
461 4392 569 4439 contra
596 4377 789 4459 Gregorium
821 4379 925 4460 primo
951 4379 1064 4440 citatus
1088 4398 1151 4440 non
1188 4378 1377 4460 comparuit.

221 4482 299 4545 item
324 4483 500 4545 Hanslinus
532 4486 635 4545 taskar
666 4499 775 4546 contra
809 4485 944 4546 Paulum
975 4483 1099 4546 fabrum
1133 4486 1238 4567 primo
1263 4484 1376 4546 citatus

108 4610 179 4654 non
204 4591 394 4672 comparuit.

221 4714 300 4776 Item
331 4734 425 4776 eausa
458 4713 581 4776 domini
616 4715 741 4776 Miklini
774 4730 883 4779 contra
916 4717 979 4777 Res
1004 4736 1105 4797 usque
1137 4728 1211 4777 octo
1244 4715 1311 4777 dies
1338 4714 1376 4776 ad

109 4840 228 4903 pacem
253 4836 299 4884 est
322 4834 459 4902 recepta.
