3404 5362
619 327 817 408 Ann01385.
841 365 881 374 -
908 330 957 391 16.
974 334 1068 408 jum'i.
1418 349 1481 412 239

318 543 398 605 Item
422 541 615 604 Benedictus
640 541 785 604 GaIIIcus
808 557 918 604 contra
943 541 1075 626 Jursych
1100 543 1242 604 secundo
1268 543 1381 604 citatus
1414 560 1478 602 non

211 649 403 732 comparuit.

319 755 399 816 Item
424 754 533 816 Bartol
559 752 698 816 carnifex
723 768 832 816 contra
859 754 944 817 Iwan
969 767 1083 817 octavo
1107 755 1159 817 die
1184 755 1400 838 respondebit.

318 861 397 923 Item
422 861 562 922 Iacobus
585 858 716 942 pellifex
741 875 851 922 contra
883 859 1062 942 Georgium
1073 876 1213 923 sutorem
1238 862 1480 943 expenditorem

212 965 243 1026 in
269 964 355 1027 facto
379 963 512 1027 sotulari
537 978 651 1027 octavo
676 966 728 1027 die
753 979 891 1028 statuere
916 966 1021 1029 debet.

318 1070 397 1133 Item
415 1070 548 1154 Gyanus
565 1072 635 1133 Bon
654 1085 763 1134 contra
782 1073 996 1135 Laurentium
1021 1073 1220 1135 sacerdotem
1239 1073 1344 1155 primo
1368 1074 1481 1135 citatus

213 1197 277 1239 non
303 1177 494 1259 comparuit.

318 1283 396 1345 Item
416 1282 576 1365 Georgius
593 1283 832 1347 molendinator
848 1299 957 1347 contra
976 1284 1169 1367 Gregorium
1187 1286 1324 1347 condam
1341 1285 1480 1367 juratum

214 1403 328 1452 octavo
354 1389 405 1451 die
430 1389 648 1471 respondebit.

318 1497 397 1558 Item
422 1515 517 1557 causa
542 1496 654 1558 Raden
679 1510 789 1558 contra
809 1495 1006 1578 Gregorium
1030 1498 1069 1558 ad
1087 1498 1261 1559 adventum
1286 1499 1385 1581 ipsIus
1402 1498 1480 1562 Gre-

214 1604 293 1686 gorii
319 1603 360 1665 ad
383 1602 525 1685 primum
550 1602 706 1684 judicium
731 1616 777 1665 est
801 1618 981 1685 prorogata.

319 1709 397 1770 ltem
422 1708 530 1770 Endre
556 1709 622 1792 Syb
640 1722 751 1770 contra
772 1709 951 1771 Fabianum
971 1710 1131 1771 literatum
1156 1711 1261 1794 primo
1285 1711 1397 1773 citatus
1415 1731 1479 1773 non

216 1816 404 1899 comparuit.

320 1920 399 1983 ltem
424 1919 581 2003 Zekyricb
606 1934 717 1982 contra
734 1919 935 2003 Mychaelem
951 1921 1055 2002 primo
1073 1921 1185 1984 citatus
1202 1942 1267 1984 non
1292 1924 1480 2004 comparuit.

318 2028 396 2090 Item
422 2028 560 2088 Iacobus
583 2025 713 2108 pellifex
737 2041 846 2089 contra
872 2027 1046 2088 Martinum
1072 2026 1197 2089 fabrum
1223 2041 1336 2090 octavo
1361 2028 1413 2090 die
1430 2049 1480 2091 re-

216 2133 397 2217 spondebit.

318 2241 398 2302 Item
435 2259 529 2301 causa
554 2239 695 2322 Dywrm)
719 2252 750 2301 et
779 2239 904 2301 Lucasii
938 2252 1047 2301 contra
1077 2240 1163 2301 Iwan
1197 2239 1299 2302 filium
1324 2240 1409 2301 Iwan
1441 2240 1481 2301 ad

213 2360 364 2409 octavum
387 2346 472 2407 diem
497 2345 548 2407 vel
570 2345 609 2407 ad
635 2345 815 2427 qulndenas
838 2360 884 2406 est
907 2360 1092 2428 prorogata.

318 2454 396 2514 Item
423 2451 511 2534 quod
536 2452 611 2533 quia
636 2451 723 2513 lwlro
747 2449 832 2512 filius
857 2452 947 2513 Bank
970 2471 1027 2535 per
1042 2466 1138 2514 testes
1165 2451 1311 2513 efficaces
1337 2451 1368 2512 id
1393 2469 1480 2514 com·

212 2559 370 2643 probavit,
395 2557 482 2640 quod
509 2558 598 2620 Hans
622 2557 809 2620 Carintinus
832 2557 892 2619 sibi
916 2558 1029 2638 viginti
1055 2578 1108 2619 sex
1132 2559 1246 2620 marcis
1272 2557 1479 2620 denariorum

214 2679 243 2729 et
266 2666 393 2728 duabus
415 2666 523 2747 pensis
554 2665 680 2727 debitor
711 2663 817 2743 luerit,
849 2664 1015 2726 evidenter
1048 2665 1281 2747 comprobavit,
1310 2664 1384 2726 ideo
1412 2665 1479 2747 ipse

214 2773 303 2835 Hans
327 2773 463 2835 eandem
487 2772 659 2854 pecuniam
683 2791 786 2852 usque
810 2770 991 2853 qulndenas
1022 2771 1146 2849 solvet;
1170 2772 1236 2854 ipse
1260 2784 1367 2834 autem
1392 2772 1481 2834 Hans

215 2880 333 2942 dIctam
357 2898 484 2940 causam
510 2877 549 2938 ad
575 2878 725 2959 antIquos
749 2877 870 2957 judices
894 2877 1077 2960 appellavit.

318 2985 397 3047 Item
422 3004 515 3046 causa
534 2984 703 3046 Laurencii
720 2983 859 3045 condam
876 2982 991 3063 judicis
1016 2997 1127 3046 contra
1147 2983 1300 3046 Mathiam
1326 2999 1480 3048 sartorem

215 3092 252 3153 ad
276 3104 427 3153 octavum
452 3090 537 3152 diem
563 3103 610 3152 est
633 3103 814 3171 prorogata.

321 3197 399 3259 Item
430 3195 593 3266 Iohannes
617 3211 647 3259 et
672 3186 795 3279 Symon
822 3196 1054 3275 Theutunichi‚
1087 3196 1223 3279 quilibet
1246 3216 1359 3259 eorum
1382 3198 1481 3259 tercio

215 3324 246 3364 se
270 3318 385 3366 octavo
410 3301 462 3364 die
486 3322 582 3384 super
606 3321 645 3364 eo
668 3301 796 3383 jurabit,
813 3301 902 3383 quod
926 3301 985 3384 ipsi
1011 3302 1042 3364 in
1068 3302 1289 3365 subtraccione
1314 3303 1480 3364 cuiusdam

215 3409 286 3470 libri
311 3421 344 3469 et
367 3408 450 3469 croci
476 3408 663 3471 innocentes
686 3421 770 3470 sunt.

319 3514 398 3576 Item
424 3514 598 3576 KatherIna
624 3514 740 3576 muller
767 3527 881 3576 octavo
915 3513 967 3575 die
991 3533 1047 3595 per
1079 3528 1260 3577 consortem
1286 3515 1367 3597 Elye
1392 3516 1481 3597 parvi

215 3635 244 3684 et
267 3619 476 3682 Katherinam
501 3635 683 3682 consortem
709 3618 862 3702 Stephani
888 3620 948 3682 hoc
966 3620 1125 3700 atestabit‚
1150 3621 1237 3702 quod
1263 3622 1401 3683 Iacobus
1426 3642 1481 3703 pa-

214 3727 293 3789 llum
316 3746 411 3788 suurn
436 3727 475 3788 ad
502 3726 615 3788 eadem
640 3726 820 3810 recepisset.

320 3833 399 3894 Item
425 3834 582 3895 Martinus
605 3833 823 3916 carpentarius
850 3846 961 3895 contra
986 3832 1071 3894 lwan
1103 3834 1246 3895 secundo
1278 3835 1392 3896 citatus
1415 3854 1480 3896 non

218 3939 409 4021 comparuit.

319 4044 398 4106 Item
423 4045 571 4106 Vrbanus
606 4045 694 4106 solus
725 4059 839 4107 octavo
872 4045 923 4107 die
955 4065 1051 4128 super
1076 4066 1114 4108 eo
1139 4045 1266 4124 jurabit,
1302 4045 1388 4126 quod
1415 4047 1480 4128 ipse

216 4151 376 4233 quandam
414 4151 614 4213 solucionem
650 4152 793 4234 plenarie
826 4172 891 4214 non
927 4152 1099 4230 habuisset,
1132 4166 1163 4213 et
1194 4153 1241 4213 sui
1279 4151 1481 4214 fideiussores

217 4256 317 4339 ipsam
342 4257 542 4319 solucionem
569 4256 672 4320 Iacere
696 4258 872 4321 debebunt.

322 4363 402 4426 Item
430 4363 515 4425 lwan
540 4363 625 4425 filius
651 4364 797 4426 Cernech
824 4351 939 4426 o’ctavo
964 4365 1015 4426 die
1048 4364 1243 4426 duodecImo
1267 4384 1298 4425 se
1323 4384 1418 4445 super
1442 4384 1480 4427 eo

217 4466 343 4548 jurabit,
368 4469 455 4550 quod
482 4469 548 4551 ipse
573 4470 735 4551 quendam
761 4471 877 4532 bovem
903 4471 1125 4553 potencialiter
1150 4490 1215 4532 non
1237 4471 1416 4543 recepisset.

321 4575 398 4637 Item
425 4576 513 4657 quod
535 4577 611 4657 quia
642 4577 784 4638 Briccius
815 4578 947 4659 jobagIo
978 4576 1116 4639 filiorum
1143 4578 1222 4639 Wlk
1252 4577 1309 4639 filii
1335 4577 1482 4640 Matbeus

217 4695 246 4744 et
269 4682 396 4744 lwanek
421 4681 552 4765 jobagio
576 4684 732 4744 Iohannis
756 4682 812 4745 filii
838 4683 993 4745 Iohannis
1028 4684 1059 4744 ln
1092 4682 1175 4745 Iacto
1200 4684 1365 4745 cuiusdam
1391 4685 1481 4746 surti-

219 4787 292 4849 cinii
318 4806 417 4869 quam
441 4789 548 4870 sepius
574 4790 613 4850 ad
639 4790 795 4870 justiciam
819 4790 984 4872 pervenire
1017 4788 1171 4851 debentes
1203 4809 1266 4851 non
1292 4809 1481 4872 comparue-
