3404 5362
216 315 273 376 ¹52
565 296 651 353 Anno
675 290 767 371 1378.
792 327 834 337 —
857 307 907 356 10.
931 293 1102 366 septembris.

315 505 395 568 ltem
420 505 530 568 Hense
555 519 665 567 contra
689 502 871 566 iohannem
892 502 1066 586 pellificem
1089 516 1156 565 met
1178 502 1341 565 secundus
1362 501 1480 584 jurabit

213 613 246 674 in
271 631 322 692 eo,
346 612 434 693 quod
459 611 527 694 ipse
550 631 623 672 suas
647 624 735 673 cutes
758 629 824 672 non
849 608 1011 673 furaverit.

319 718 396 780 ltem
424 716 572 800 Mychael
601 717 758 780 Mauricio
790 716 902 778 decem
934 730 966 778 et
990 736 1044 778 sex
1067 735 1183 798 pensas
1214 714 1423 777 denariorum
1447 713 1479 776 in

212 823 386 907 quindenis
409 823 579 906 persolvet.

319 929 398 992 ltem
423 929 582 991 Renarius
614 943 724 991 contre
757 928 936 1010 Georgium
967 928 1109 1011 juratum
1139 928 1245 1011 primo
1278 928 1392 992 citatus
1415 947 1480 991 non

212 1035 404 1118 comparuit.

318 1140 395 1203 Item
430 1140 603 1203 Chuethko
633 1155 744 1203 contra
776 1139 980 1203 Anthonium
1011 1140 1151 1222 juratum
1184 1154 1298 1202 octavo
1329 1140 1382 1202 die
1407 1159 1481 1202 cum

212 1247 277 1307 suis
300 1247 395 1308 sociis
419 1246 635 1329 respondebit.

319 1352 397 1414 Item
412 1352 519 1415 Mathe
530 1366 618 1414 sutor
628 1366 737 1414 contra
748 1351 917 1414 Miclinum
927 1352 1070 1414 secundo
1084 1353 1198 1414 citatus
1210 1371 1275 1414 non
1288 1351 1480 1433 comparuit.

318 1459 397 1522 ltem
423 1460 562 1522 lacobus
585 1457 716 1541 pellifex
739 1458 771 1520 in
794 1458 967 1540 quindenis
991 1458 1060 1540 jura
1076 1459 1102 1520 si
1126 1478 1188 1540 qua
1213 1457 1361 1519 babuerit
1384 1476 1481 1540 super

213 1565 355 1647 quadam
380 1565 474 1627 vinea
497 1564 671 1647 producet;
695 1566 796 1648 ipsam
822 1579 931 1627 autem
948 1584 1077 1627 causam
1102 1564 1185 1627 idem
1204 1564 1344 1626 Jacobus
1367 1563 1408 1624 ad
1426 1582 1481 1625 an·

214 1673 322 1754 tiquos
346 1671 469 1752 judices
492 1671 676 1754 appellavit.

319 1777 398 1840 ltem
423 1776 608 1840 Anthonius
630 1777 752 1859 juratus
776 1790 890 1839 octavo
915 1776 966 1837 die
1000 1795 1057 1857 per
1080 1775 1220 1857 judicem
1245 1773 1426 1837 iohannem
1452 1788 1482 1836 et

215 1884 429 1946 Laurencium
455 1883 603 1945 atestabit
626 1882 714 1964 quod
742 1883 803 1944 sibi
833 1882 921 1944 Elias
944 1901 1061 1964 parvus
1092 1881 1235 1963 quinque
1268 1882 1483 1943 marciacum

215 1989 322 2052 media
346 1989 474 2051 debitor
497 1988 660 2051 extitisset.

320 2094 398 2156 ltem
423 2114 516 2157 causa
550 2093 695 2176 Georgii,
728 2094 808 2177 Elye
840 2108 871 2156 et
901 2093 1098 2156 Wllrouiche
1130 2108 1177 2156 est
1206 2113 1263 2175 per
1293 2093 1482 2175 magistrum

214 2200 352 2263 Paulum
375 2201 416 2262 ad
440 2215 514 2262 octo
538 2200 607 2262 dies
630 2215 757 2281 recepta
781 2200 822 2261 ad
845 2219 968 2283 pacem.

232 2417 330 2492 feria
358 2429 457 2492 sexta
486 2423 640 2510 proxima
667 2427 745 2492 ante
778 2420 902 2492 festum
930 2418 1160 2492 lixaltacionis
1188 2427 1305 2491 sancte
1334 2421 1458 2491 erneis.

707 2569 773 2651 (10.
796 2570 991 2653 septembris).

325 2730 433 2791 Primo
458 2729 529 2790 Elia
559 2729 719 2791 aurifaber
743 2731 874 2793 Vrbano
899 2731 932 2791 in
964 2728 1138 2811 quindenis
1168 2747 1266 2790 unam
1300 2727 1485 2805 clamidem,

218 2856 285 2920 quo
311 2836 371 2897 sibi
396 2849 532 2912 tenetur,
557 2836 633 2898 dare
658 2835 753 2898 debet
777 2836 921 2898 indilate.

323 2942 401 3004 ltem
425 2962 519 3004 causa
545 2942 678 3004 Hanche
702 2956 732 3004 et
757 2942 906 3024 Gregorii
935 2962 1047 3004 voscar
1071 2955 1118 3004 eat
1141 2961 1198 3025 per
1221 2941 1379 3004 iacobum
1404 2941 1485 3003 Bole

215 3064 247 3112 et
273 3048 465 3130 Gregorium
492 3049 608 3131 Angeli
632 3049 672 3111 ad
696 3063 770 3111 octo
795 3049 863 3110 dies
886 3063 1012 3131 recepta
1036 3048 1077 3111 ad
1101 3067 1224 3131 pacem.

324 3155 402 3218 ltem
428 3155 545 3239 Gyuan
568 3156 729 3238 regulatur
756 3175 847 3217 suarn
879 3156 1035 3218 calcinam
1067 3155 1237 3218 incendere
1263 3155 1360 3218 debet
1383 3175 1486 3238 usque

218 3261 410 3343 quindenas,
436 3262 524 3343 quod
548 3263 573 3323 si
599 3282 663 3323 non
681 3261 860 3324 incenderit
876 3276 991 3324 extunc
1008 3262 1156 3343 sequenti
1180 3262 1231 3323 die
1249 3262 1389 3324 lacobus
1405 3263 1487 3325 Bole

219 3368 322 3450 ipsam
346 3368 517 3430 incendere
541 3368 682 3447 debebit,
707 3383 738 3431 et
768 3388 840 3430 suas
872 3388 1025 3450 expensas
1056 3388 1152 3451 super
1176 3369 1245 3450 ipsa
1269 3368 1391 3431 calcina
1415 3390 1487 3432 ero·

215 3488 308 3554 gatae
331 3473 465 3535 liberam
488 3473 619 3535 habebit
642 3474 817 3557 recipiendi
836 3472 1031 3554 facultatem,
1055 3475 1274 3537 residuitatem
1299 3458 1410 3537 autern
1427 3496 1486 3558 pro

216 3579 332 3641 eodem
357 3579 475 3662 Gyuan
499 3580 724 3661 relinquendo.

321 3684 400 3747 ltem
414 3684 568 3746 Nicolaus
592 3684 712 3766 juratus
729 3699 839 3748 contra
861 3685 1042 3748 iohannem
1059 3685 1161 3748 filium
1187 3686 1343 3749 Hermoni
1369 3701 1486 3750 octavo

217 3789 268 3851 die
293 3790 510 3874 respondebit.

323 3897 400 3960 ltem
433 3916 528 3959 causa
553 3897 706 3981 Stephani
731 3913 762 3962 et
783 3898 959 3981 Mychaelis
976 3899 1136 3981 Damyani
1160 3912 1207 3960 est
1230 3917 1287 3981 per
1311 3898 1486 3961 Nicolaum

216 4002 258 4065 ad
282 4017 356 4065 octo
381 4003 449 4065 dies
472 4018 598 4086 recepta
623 4005 662 4066 ad
687 4024 810 4089 pacem.

323 4107 402 4169 ltem
428 4129 522 4171 causa
555 4111 641 4172 Luce
673 4110 803 4172 Bonioli
835 4125 867 4173 et
894 4110 1020 4172 Nicolai
1052 4109 1109 4171 filii
1142 4109 1259 4191 Angeli
1285 4123 1332 4171 est
1356 4130 1415 4192 per
1439 4110 1487 4193 ju·

217 4212 322 4275 dicem
347 4213 387 4274 ad
412 4228 485 4276 octo
510 4214 577 4276 dies
600 4229 771 4297 prorogata
795 4219 855 4278 sub
879 4215 982 4278 forma
1006 4214 1104 4277 fiendi
1128 4215 1225 4298 pacis.

324 4319 403 4382 Item
427 4320 580 4383 Nicolaus
596 4322 744 4383 sacerdos
761 4342 834 4384 cum
852 4322 986 4383 domino
1004 4323 1133 4384 Donato
1158 4335 1189 4382 et
1206 4321 1371 4404 Stephano
1388 4342 1486 4384 asses·

217 4444 289 4488 sore
306 4440 420 4488 octavo
440 4426 492 4488 die
506 4427 653 4489 atesrabit
669 4447 765 4510 super
778 4428 916 4509 quadam
935 4447 1084 4511 sumpma
1100 4428 1236 4510 pecunie
1253 4441 1284 4488 et
1301 4427 1370 4489 eius
1386 4428 1485 4491 lucro.

323 4533 401 4594 ltem
426 4533 580 4595 Nicolaus
603 4534 751 4596 sacerdos
775 4549 805 4595 et
829 4534 993 4596 lohannes
1024 4549 1134 4597 contra
1159 4533 1331 4596 Nicolaum
1359 4533 1483 4597 Odolas

218 4653 333 4701 octavo
358 4639 410 4700 die
435 4639 572 4720 quilibet
589 4640 732 4722 ipsorum
756 4638 909 4720 jurabunt
923 4661 1018 4723 super
1036 4660 1086 4717 eo,
1110 4640 1199 4722 quod
1225 4640 1285 4722 ipsi
1310 4641 1342 4702 in
1360 4641 1484 4719 lucrum

217 4744 321 4828 ipsam
344 4745 515 4828 pecuniam
540 4766 605 4808 non
630 4746 833 4827 recepissent.
