3404 5362
533 341 730 418 Ann01377.
759 375 794 384 -
822 355 871 416 25.
895 342 1024 413 autmari.
1351 362 1402 401 101

139 447 203 454 —
1107 448 1162 455 ....-.
1182 449 1288 455 .-.-,-.-..
1336 448 1405 455 ..--

243 551 323 614 Item
349 551 501 615 Nicolaus
525 568 556 615 et
588 551 735 615 Nedelko
769 567 879 615 contra
911 553 1052 614 lwanum
1085 553 1189 635 prImo
1222 554 1308 616 citati
1341 574 1405 616 non

136 673 400 741 comparuerunt.

241 764 323 828 Item
346 765 499 827 domiuus
523 766 669 828 Donatus
692 780 723 829 et
747 767 833 829 Luca
866 780 976 828 contra
1001 763 1179 847 Georgium
1213 764 1352 846 iuratum
1376 781 1407 828 et

135 870 334 953 Gregorium
357 872 464 954 primo
492 872 577 934 citati
602 892 667 934 non
692 886 952 956 comparuerunt.

242 978 322 1040 Item
347 978 530 1062 Stephanus
554 993 665 1043 contra
689 980 882 1064 Dyonisium
915 980 1058 1042 secundo
1083 979 1197 1042 citatus
1221 1000 1285 1042 non
1319 1000 1405 1041 com-

133 1084 253 1168 paruit.

241 1192 323 1254 Item
348 1190 477 1255 Gerdalr
502 1206 610 1255 contra
635 1192 847 1255 Benedictum
864 1193 970 1276 prImo
987 1194 1101 1255 citatus
1124 1213 1190 1255 non
1215 1194 1404 1275 comparuit.

242 1298 322 1361 Item
349 1298 436 1362 Elias
459 1319 576 1383 parvus
600 1313 709 1362 contra
734 1301 809 1362 Moz
829 1299 972 1361 secundo
995 1299 1109 1361 citatus
1133 1319 1198 1361 non
1215 1299 1404 1381 comparuit.

241 1405 321 1468 Item
355 1407 511 1469 Martinus
541 1405 721 1490 ZequIrych
754 1420 863 1469 contra
887 1406 1060 1468 Nicolaum
1092 1406 1230 1468 condam
1263 1405 1404 1486 judicem

130 1526 249 1574 octavo
274 1512 327 1575 die
352 1512 569 1596 respondebit.

242 1618 323 1681 Item
348 1619 460 1682 Petrus
491 1635 522 1682 et
554 1621 639 1682 lwan
672 1634 782 1682 contra
812 1619 1010 1682 Peterlinum
1042 1618 1184 1681 secundo
1217 1620 1303 1681 citati
1338 1639 1403 1681 non

130 1740 396 1808 comparuerunt.

241 1832 322 1894 Item
347 1833 443 1895 Kuna
475 1853 555 1895 uxor
580 1833 734 1916 Stephani
767 1848 881 1895 octavo
915 1834 967 1895 die
991 1854 1024 1895 se
1056 1846 1143 1895 sexta
1167 1833 1284 1914 jurabit
1308 1853 1403 1916 super

129 1940 289 2023 premissa
314 1939 513 2018 acusacione,
538 1941 626 2022 quod
652 1941 719 2022 ipsa
743 1940 783 2001 sit
807 1941 962 2002 innocens
986 1955 1017 2002 et
1042 1941 1204 2003 immunis.

239 2047 318 2108 Item
343 2046 497 2126 Andreas,
515 2047 683 2109 Ladislaus
700 2060 731 2109 et
747 2046 909 2109 Johannes
927 2061 1041 2109 octavo
1063 2047 1115 2109 die
1133 2047 1270 2128 quilibet
1287 2067 1399 2109 eorurn

127 2171 164 2212 se
187 2152 308 2213 tercius
330 2151 482 2234 jurabunt
513 2172 608 2235 super
639 2172 689 2232 eo,
713 2153 802 2235 quod
827 2153 886 2235 ipsi
918 2154 950 2214 in
975 2172 1070 2214 croco
1104 2149 1222 2215 Genini
1254 2153 1317 2215 sint
1342 2155 1400 2214 Im-

128 2276 249 2319 munes
273 2273 304 2321 et
327 2258 515 2321 innocentes
538 2272 568 2320 ct
593 2258 695 2321 iurem
721 2260 821 2342 ipsius
845 2260 927 2322 croci
954 2260 1121 2322 nescirent.

241 2364 320 2427 Item
350 2365 427 2447 quia
459 2366 615 2427 Martinus
646 2366 817 2448 Zequirich
850 2367 1020 2429 Nicolaum
1052 2365 1159 2427 rufum
1192 2365 1329 2428 condam
1354 2366 1401 2445 ju·

130 2472 239 2534 dicem
266 2473 298 2533 in
324 2485 430 2534 nostra
455 2471 531 2534 sede
564 2472 730 2552 judiciaria
758 2474 863 2535 verbis
887 2473 1034 2555 turpibus
1065 2472 1230 2550 affecisset,
1254 2492 1330 2553 ergo
1355 2486 1401 2534 est

130 2579 165 2639 in
192 2577 222 2639 X
247 2577 362 2640 marcis
386 2577 651 2660 condempnatus,
675 2592 709 2640 ut
733 2578 757 2639 si
784 2578 822 2638 de
840 2591 946 2641 cetero
972 2578 1003 2639 in
1027 2577 1082 2639 tali
1099 2577 1233 2639 crimIne
1251 2577 1401 2639 inventus

128 2684 251 2764 fuerit,
285 2683 463 2746 secundum
499 2684 705 2766 privilegium
745 2685 881 2747 ciuitatis
917 2699 1023 2747 nostre
1067 2683 1207 2745 vindicta
1254 2683 1293 2745 de
1330 2683 1399 2765 ipso

126 2805 344 2874 sumpmatur.

239 2898 317 2959 Item
343 2896 483 2960 Bedicha
507 2897 648 2959 carnifex
680 2910 789 2960 contra
821 2896 1000 2979 Georgium
1031 2911 1185 2959 sartorem
1217 2897 1322 2979 primo
1354 2896 1398 2958 ci·

125 3018 214 3068 tatus
238 3024 304 3066 non
328 3004 518 3087 comparuit.

241 3110 319 3173 Item
344 3109 453 3173 Mathe
477 3125 508 3172 et
532 3110 651 3173 Paulus
668 3109 846 3172 Clementis
869 3108 950 3171 labri
975 3123 1006 3171 et
1030 3109 1137 3171 uxoris
1155 3108 1286 3190 Georgii
1312 3110 1398 3171 Tece

124 3216 320 3283 testimonio
344 3229 459 3279 octavo
482 3216 535 3279 die
558 3237 592 3281 se
615 3217 842 3279 submiserunt.

143 3453 247 3529 FerIa
275 3458 382 3528 tercia
409 3458 565 3547 proxima
592 3463 671 3546 post
699 3455 821 3528 festam
846 3456 937 3527 beati
965 3455 1193 3527 bartholomei
1222 3455 1376 3543 apostoli

648 3613 710 3687 (25.
734 3612 875 3685 augusti).

236 3753 345 3815 Primo
369 3754 507 3816 Iacobus
530 3752 662 3836 pellifex
686 3766 795 3815 contra
813 3751 1008 3834 Gregorium
1032 3751 1174 3814 secundo
1192 3752 1305 3813 citatus
1328 3770 1393 3812 non

122 3859 320 3943 comparuit.

235 3966 314 4028 Item
338 3985 433 4028 causa
458 3965 606 4050 Dyonisii
635 3966 751 4028 sutoris
782 3980 812 4028 et
838 3965 990 4047 Stephani
1023 3966 1150 4049 generis
1174 3965 1284 4027 Touth
1309 3964 1393 4026 Petri

121 4086 176 4137 est
201 4085 276 4155 post
298 4072 474 4135 adventurn
498 4072 598 4155 ipsius
623 4070 776 4154 Stephani
801 4071 840 4132 ad
865 4072 1005 4154 primunr
1030 4071 1186 4152 judicium
1210 4084 1393 4153 prorogata.

235 4179 313 4242 Item
338 4177 456 4241 lakech
480 4192 589 4241 contra
615 4176 768 4262 Gyurgek
792 4178 897 4260 primo
921 4178 1034 4241 citatus
1057 4197 1123 4239 non
1147 4178 1337 4260 comparuit.

236 4287 314 4349 Item
339 4284 500 4368 Georgius
524 4285 697 4347 Mikouche
722 4298 831 4348 contra
856 4285 982 4347 Petrich
1007 4284 1188 4347 carnificem
1213 4285 1318 4367 prImo
1350 4284 1392 4345 ci-

120 4409 213 4459 tatus
237 4412 302 4454 non
327 4392 517 4475 comparuit.

235 4499 312 4561 Item
337 4503 432 4560 Anna
456 4519 535 4561 uxor
562 4499 646 4561 Iwan
664 4512 778 4561 octavo
803 4497 855 4560 die
880 4511 990 4559 contra
1007 4497 1179 4560 Nicolaum
1203 4515 1236 4557 se
1253 4494 1392 4557 secunda

121 4606 245 4693 jurabit
269 4607 301 4668 in
327 4625 377 4685 eo,
401 4605 489 4687 quod
513 4605 582 4689 ipsa
606 4626 667 4668 uva
693 4606 724 4666 in
749 4626 805 4667 sua
829 4605 921 4667 vinea
948 4624 1013 4666 non
1038 4602 1199 4665 furaverit.

234 4713 311 4776 Item
338 4712 451 4776 Petrus
474 4727 506 4775 et
530 4712 711 4795 Stephanus
742 4726 852 4774 contra
884 4711 1043 4773 Marinam
1068 4710 1173 4790 primo
1206 4708 1291 4770 citati
1324 4727 1390 4769 non

121 4832 389 4903 compamerunt.
