<?xml version="1.0" encoding="UTF-8"?>
<!DOCTYPE html PUBLIC "-//W3C//DTD XHTML 1.0 Transitional//EN"
    "http://www.w3.org/TR/xhtml1/DTD/xhtml1-transitional.dtd">
<html xmlns="http://www.w3.org/1999/xhtml" xml:lang="en" lang="en">
 <head>
  <title>
</title>
<meta http-equiv="Content-Type" content="text/html;charset=utf-8" />
  <meta name='ocr-system' content='tesseract 3.04.00' />
  <meta name='ocr-capabilities' content='ocr_page ocr_carea ocr_par ocr_line ocrx_word'/>
</head>
<body>
  <div class='ocr_page' id='page_1' title='image "./monumentahistor04laszgoog/monumentahistor04laszgoog_0222.png"; bbox 0 0 3404 5362; ppageno 0'>
   <div class='ocr_carea' id='block_1_1' title="bbox 261 348 1536 3719">
    <p class='ocr_par' dir='ltr' id='par_1_1' title="bbox 264 348 1535 539">
     <span class='ocr_line' id='line_1_1' title="bbox 374 348 1535 433; baseline 0.004 -24"><span class='ocrx_word' id='word_1_1' title='bbox 374 348 452 410; x_wconf 85' lang='lat' dir='ltr'>Item</span> <span class='ocrx_word' id='word_1_2' title='bbox 477 350 659 432; x_wconf 81' lang='lat' dir='ltr'>Stephanus</span> <span class='ocrx_word' id='word_1_3' title='bbox 684 350 751 411; x_wconf 90' lang='lat' dir='ltr'>Rez</span> <span class='ocrx_word' id='word_1_4' title='bbox 775 351 919 412; x_wconf 91' lang='lat' dir='ltr'>secundo</span> <span class='ocrx_word' id='word_1_5' title='bbox 943 372 975 413; x_wconf 90' lang='lat' dir='ltr'>se</span> <span class='ocrx_word' id='word_1_6' title='bbox 1008 365 1124 413; x_wconf 87' lang='lat' dir='ltr'>octavo</span> <span class='ocrx_word' id='word_1_7' title='bbox 1149 350 1201 412; x_wconf 88' lang='lat' dir='ltr'>die</span> <span class='ocrx_word' id='word_1_8' title='bbox 1225 370 1320 433; x_wconf 87' lang='lat' dir='ltr'>super</span> <span class='ocrx_word' id='word_1_9' title='bbox 1344 371 1383 412; x_wconf 91' lang='lat' dir='ltr'>eo</span> <span class='ocrx_word' id='word_1_10' title='bbox 1407 351 1535 432; x_wconf 87' lang='lat' dir='ltr'>jurabit,</span> 
     </span>
     <span class='ocr_line' id='line_1_2' title="bbox 264 454 1017 539; baseline 0.009 -25"><span class='ocrx_word' id='word_1_11' title='bbox 264 454 355 535; x_wconf 91' lang='lat' dir='ltr'>quod</span> <span class='ocrx_word' id='word_1_12' title='bbox 380 457 485 536; x_wconf 90' lang='lat' dir='ltr'>ipsum</span> <span class='ocrx_word' id='word_1_13' title='bbox 512 456 597 517; x_wconf 86' lang='lat' dir='ltr'>Iwan</span> <span class='ocrx_word' id='word_1_14' title='bbox 623 457 795 538; x_wconf 89' lang='lat' dir='ltr'>Hlebopek</span> <span class='ocrx_word' id='word_1_15' title='bbox 820 458 1017 539; x_wconf 87' lang='lat' dir='ltr'>percusserit.</span> 
     </span>
    </p>

    <p class='ocr_par' dir='ltr' id='par_1_2' title="bbox 261 560 1535 856">
     <span class='ocr_line' id='line_1_3' title="bbox 371 560 1532 645; baseline 0.003 -23"><span class='ocrx_word' id='word_1_16' title='bbox 371 560 450 623; x_wconf 85' lang='lat' dir='ltr'>Item</span> <span class='ocrx_word' id='word_1_17' title='bbox 467 562 553 623; x_wconf 90' lang='lat' dir='ltr'>idem</span> <span class='ocrx_word' id='word_1_18' title='bbox 571 562 753 643; x_wconf 82' lang='lat' dir='ltr'>Stephanus</span> <span class='ocrx_word' id='word_1_19' title='bbox 770 582 864 644; x_wconf 87' lang='lat' dir='ltr'>super</span> <span class='ocrx_word' id='word_1_20' title='bbox 889 578 1008 645; x_wconf 91' lang='lat' dir='ltr'>quanta</span> <span class='ocrx_word' id='word_1_21' title='bbox 1020 564 1198 645; x_wconf 90' lang='lat' dir='ltr'>quantitate</span> <span class='ocrx_word' id='word_1_22' title='bbox 1215 564 1352 645; x_wconf 87' lang='lat' dir='ltr'>pecunie</span> <span class='ocrx_word' id='word_1_23' title='bbox 1375 577 1532 644; x_wconf 90' lang='lat' dir='ltr'>quantum</span> 
     </span>
     <span class='ocr_line' id='line_1_4' title="bbox 262 665 1535 749; baseline 0.004 -23"><span class='ocrx_word' id='word_1_24' title='bbox 262 665 431 747; x_wconf 82' lang='lat' dir='ltr'>quoddam</span> <span class='ocrx_word' id='word_1_25' title='bbox 450 687 544 729; x_wconf 93' lang='lat' dir='ltr'>suum</span> <span class='ocrx_word' id='word_1_26' title='bbox 562 666 672 730; x_wconf 86' lang='lat' dir='ltr'>lenum</span> <span class='ocrx_word' id='word_1_27' title='bbox 690 668 837 747; x_wconf 88' lang='lat' dir='ltr'>valuerit,</span> <span class='ocrx_word' id='word_1_28' title='bbox 856 683 970 731; x_wconf 91' lang='lat' dir='ltr'>octavo</span> <span class='ocrx_word' id='word_1_29' title='bbox 989 669 1039 730; x_wconf 91' lang='lat' dir='ltr'>die</span> <span class='ocrx_word' id='word_1_30' title='bbox 1056 668 1183 749; x_wconf 76' lang='lat' dir='ltr'>jurabit,</span> <span class='ocrx_word' id='word_1_31' title='bbox 1197 668 1258 729; x_wconf 92' lang='lat' dir='ltr'>hoc</span> <span class='ocrx_word' id='word_1_32' title='bbox 1274 669 1333 730; x_wconf 88' lang='lat' dir='ltr'>sibi</span> <span class='ocrx_word' id='word_1_33' title='bbox 1351 668 1535 731; x_wconf 84' lang='lat' dir='ltr'>Anthonius</span> 
     </span>
     <span class='ocr_line' id='line_1_5' title="bbox 261 771 810 856; baseline 0.005 -23"><span class='ocrx_word' id='word_1_34' title='bbox 261 771 349 833; x_wconf 90' lang='lat' dir='ltr'>filius</span> <span class='ocrx_word' id='word_1_35' title='bbox 374 774 473 835; x_wconf 88' lang='lat' dir='ltr'>Renis</span> <span class='ocrx_word' id='word_1_36' title='bbox 497 775 679 856; x_wconf 88' lang='lat' dir='ltr'>persolvere</span> <span class='ocrx_word' id='word_1_37' title='bbox 704 774 810 836; x_wconf 90' lang='lat' dir='ltr'>debet.</span> 
     </span>
    </p>

    <p class='ocr_par' dir='ltr' id='par_1_3' title="bbox 262 880 1535 1068">
     <span class='ocr_line' id='line_1_6' title="bbox 371 880 1535 962; baseline 0.003 -23"><span class='ocrx_word' id='word_1_38' title='bbox 371 880 448 941; x_wconf 92' lang='lat' dir='ltr'>Item</span> <span class='ocrx_word' id='word_1_39' title='bbox 474 880 614 962; x_wconf 83' lang='lat' dir='ltr'>Stephelr</span> <span class='ocrx_word' id='word_1_40' title='bbox 639 900 733 942; x_wconf 93' lang='lat' dir='ltr'>nosar</span> <span class='ocrx_word' id='word_1_41' title='bbox 757 901 859 962; x_wconf 87' lang='lat' dir='ltr'>usque</span> <span class='ocrx_word' id='word_1_42' title='bbox 876 880 1057 962; x_wconf 87' lang='lat' dir='ltr'>quindenas</span> <span class='ocrx_word' id='word_1_43' title='bbox 1075 880 1143 942; x_wconf 92' lang='lat' dir='ltr'>Flic</span> <span class='ocrx_word' id='word_1_44' title='bbox 1169 881 1297 962; x_wconf 87' lang='lat' dir='ltr'>Reynar</span> <span class='ocrx_word' id='word_1_45' title='bbox 1314 881 1395 941; x_wconf 91' lang='lat' dir='ltr'>duas</span> <span class='ocrx_word' id='word_1_46' title='bbox 1413 900 1535 943; x_wconf 85' lang='lat' dir='ltr'>marcas</span> 
     </span>
     <span class='ocr_line' id='line_1_7' title="bbox 262 985 1233 1068; baseline 0.003 -24"><span class='ocrx_word' id='word_1_47' title='bbox 262 985 390 1046; x_wconf 88' lang='lat' dir='ltr'>solvere</span> <span class='ocrx_word' id='word_1_48' title='bbox 415 986 510 1046; x_wconf 90' lang='lat' dir='ltr'>debet</span> <span class='ocrx_word' id='word_1_49' title='bbox 534 1005 593 1068; x_wconf 92' lang='lat' dir='ltr'>pro</span> <span class='ocrx_word' id='word_1_50' title='bbox 617 986 758 1067; x_wconf 93' lang='lat' dir='ltr'>quadam</span> <span class='ocrx_word' id='word_1_51' title='bbox 783 987 1010 1048; x_wconf 89' lang='lat' dir='ltr'>verberacione</span> <span class='ocrx_word' id='word_1_52' title='bbox 1036 987 1144 1047; x_wconf 82' lang='lat' dir='ltr'>uxoris</span> <span class='ocrx_word' id='word_1_53' title='bbox 1168 1006 1233 1048; x_wconf 91' lang='lat' dir='ltr'>sue.</span> 
     </span>
    </p>

    <p class='ocr_par' dir='ltr' id='par_1_4' title="bbox 262 1090 1534 1385">
     <span class='ocr_line' id='line_1_8' title="bbox 371 1090 1534 1170; baseline 0.002 -17"><span class='ocrx_word' id='word_1_54' title='bbox 371 1092 448 1153; x_wconf 87' lang='lat' dir='ltr'>Item</span> <span class='ocrx_word' id='word_1_55' title='bbox 474 1112 568 1154; x_wconf 90' lang='lat' dir='ltr'>causa</span> <span class='ocrx_word' id='word_1_56' title='bbox 594 1092 704 1154; x_wconf 91' lang='lat' dir='ltr'>Iacobi</span> <span class='ocrx_word' id='word_1_57' title='bbox 737 1090 893 1154; x_wconf 90' lang='lat' dir='ltr'>carnificis</span> <span class='ocrx_word' id='word_1_58' title='bbox 924 1106 1034 1154; x_wconf 90' lang='lat' dir='ltr'>contra</span> <span class='ocrx_word' id='word_1_59' title='bbox 1059 1092 1145 1153; x_wconf 90' lang='lat' dir='ltr'>Iwan</span> <span class='ocrx_word' id='word_1_60' title='bbox 1178 1091 1316 1170; x_wconf 78' lang='lat' dir='ltr'>juratum</span> <span class='ocrx_word' id='word_1_61' title='bbox 1350 1092 1455 1154; x_wconf 86' lang='lat' dir='ltr'>Joffan</span> <span class='ocrx_word' id='word_1_62' title='bbox 1485 1114 1534 1155; x_wconf 90' lang='lat' dir='ltr'>ra-</span> 
     </span>
     <span class='ocr_line' id='line_1_9' title="bbox 262 1196 1534 1280; baseline 0.003 -23"><span class='ocrx_word' id='word_1_63' title='bbox 262 1197 356 1258; x_wconf 85' lang='lat' dir='ltr'>cIone</span> <span class='ocrx_word' id='word_1_64' title='bbox 370 1197 583 1278; x_wconf 90' lang='lat' dir='ltr'>quarumdam</span> <span class='ocrx_word' id='word_1_65' title='bbox 598 1197 821 1279; x_wconf 89' lang='lat' dir='ltr'>posessionum</span> <span class='ocrx_word' id='word_1_66' title='bbox 839 1197 968 1258; x_wconf 90' lang='lat' dir='ltr'>Thome</span> <span class='ocrx_word' id='word_1_67' title='bbox 982 1211 1012 1258; x_wconf 92' lang='lat' dir='ltr'>et</span> <span class='ocrx_word' id='word_1_68' title='bbox 1031 1197 1141 1258; x_wconf 91' lang='lat' dir='ltr'>Jacobi</span> <span class='ocrx_word' id='word_1_69' title='bbox 1160 1196 1300 1259; x_wconf 90' lang='lat' dir='ltr'>filiorum</span> <span class='ocrx_word' id='word_1_70' title='bbox 1315 1198 1414 1259; x_wconf 87' lang='lat' dir='ltr'>Marci</span> <span class='ocrx_word' id='word_1_71' title='bbox 1433 1218 1534 1280; x_wconf 86' lang='lat' dir='ltr'>usque</span> 
     </span>
     <span class='ocr_line' id='line_1_10' title="bbox 263 1302 1086 1385; baseline 0.005 -23"><span class='ocrx_word' id='word_1_72' title='bbox 263 1302 302 1362; x_wconf 90' lang='lat' dir='ltr'>ad</span> <span class='ocrx_word' id='word_1_73' title='bbox 327 1302 502 1364; x_wconf 86' lang='lat' dir='ltr'>adventum</span> <span class='ocrx_word' id='word_1_74' title='bbox 527 1303 673 1364; x_wconf 77' lang='lat' dir='ltr'>elusdem</span> <span class='ocrx_word' id='word_1_75' title='bbox 699 1303 810 1364; x_wconf 91' lang='lat' dir='ltr'>Jacobi</span> <span class='ocrx_word' id='word_1_76' title='bbox 835 1317 881 1365; x_wconf 89' lang='lat' dir='ltr'>est</span> <span class='ocrx_word' id='word_1_77' title='bbox 905 1317 1086 1385; x_wconf 86' lang='lat' dir='ltr'>prorogata.</span> 
     </span>
    </p>

    <p class='ocr_par' dir='ltr' id='par_1_5' title="bbox 263 1406 1534 1597">
     <span class='ocr_line' id='line_1_11' title="bbox 369 1406 1534 1491; baseline 0.004 -24"><span class='ocrx_word' id='word_1_78' title='bbox 369 1406 448 1468; x_wconf 91' lang='lat' dir='ltr'>Item</span> <span class='ocrx_word' id='word_1_79' title='bbox 474 1406 559 1469; x_wconf 87' lang='lat' dir='ltr'>filius</span> <span class='ocrx_word' id='word_1_80' title='bbox 583 1407 716 1488; x_wconf 78' lang='lat' dir='ltr'>Georgii</span> <span class='ocrx_word' id='word_1_81' title='bbox 747 1408 884 1470; x_wconf 91' lang='lat' dir='ltr'>Sidouin</span> <span class='ocrx_word' id='word_1_82' title='bbox 917 1423 1031 1470; x_wconf 92' lang='lat' dir='ltr'>octavo</span> <span class='ocrx_word' id='word_1_83' title='bbox 1056 1409 1108 1471; x_wconf 94' lang='lat' dir='ltr'>die</span> <span class='ocrx_word' id='word_1_84' title='bbox 1142 1409 1285 1471; x_wconf 88' lang='lat' dir='ltr'>secundo</span> <span class='ocrx_word' id='word_1_85' title='bbox 1310 1428 1342 1470; x_wconf 92' lang='lat' dir='ltr'>se</span> <span class='ocrx_word' id='word_1_86' title='bbox 1368 1429 1464 1491; x_wconf 90' lang='lat' dir='ltr'>super</span> <span class='ocrx_word' id='word_1_87' title='bbox 1494 1429 1534 1473; x_wconf 90' lang='lat' dir='ltr'>eo</span> 
     </span>
     <span class='ocr_line' id='line_1_12' title="bbox 263 1513 1301 1597; baseline 0 -22"><span class='ocrx_word' id='word_1_88' title='bbox 263 1513 391 1593; x_wconf 86' lang='lat' dir='ltr'>jurabit,</span> <span class='ocrx_word' id='word_1_89' title='bbox 416 1514 504 1595; x_wconf 92' lang='lat' dir='ltr'>quod</span> <span class='ocrx_word' id='word_1_90' title='bbox 530 1515 635 1596; x_wconf 92' lang='lat' dir='ltr'>ipsum</span> <span class='ocrx_word' id='word_1_91' title='bbox 660 1515 813 1576; x_wconf 85' lang='lat' dir='ltr'>NIcolaus</span> <span class='ocrx_word' id='word_1_92' title='bbox 837 1514 1075 1577; x_wconf 86' lang='lat' dir='ltr'>Chernecbneti</span> <span class='ocrx_word' id='word_1_93' title='bbox 1100 1516 1301 1597; x_wconf 88' lang='lat' dir='ltr'>percusserit.</span> 
     </span>
    </p>

    <p class='ocr_par' dir='ltr' id='par_1_6' title="bbox 264 1619 1536 2659">
     <span class='ocr_line' id='line_1_13' title="bbox 370 1619 1534 1702; baseline 0 -20"><span class='ocrx_word' id='word_1_94' title='bbox 370 1621 449 1682; x_wconf 89' lang='lat' dir='ltr'><strong>Item</strong></span> <span class='ocrx_word' id='word_1_95' title='bbox 473 1619 563 1701; x_wconf 94' lang='lat' dir='ltr'>quod</span> <span class='ocrx_word' id='word_1_96' title='bbox 580 1621 656 1701; x_wconf 92' lang='lat' dir='ltr'>quia</span> <span class='ocrx_word' id='word_1_97' title='bbox 673 1620 786 1681; x_wconf 88' lang='lat' dir='ltr'>Petrus</span> <span class='ocrx_word' id='word_1_98' title='bbox 802 1639 938 1701; x_wconf 82' lang='lat' dir='ltr'>magnus</span> <span class='ocrx_word' id='word_1_99' title='bbox 955 1635 1056 1682; x_wconf 81' lang='lat' dir='ltr'>sartor</span> <span class='ocrx_word' id='word_1_100' title='bbox 1074 1641 1129 1702; x_wconf 91' lang='lat' dir='ltr'>per</span> <span class='ocrx_word' id='word_1_101' title='bbox 1151 1634 1247 1683; x_wconf 88' lang='lat' dir='ltr'>testes</span> <span class='ocrx_word' id='word_1_102' title='bbox 1264 1619 1409 1683; x_wconf 81' lang='lat' dir='ltr'>efficaces</span> <span class='ocrx_word' id='word_1_103' title='bbox 1426 1640 1534 1683; x_wconf 89' lang='lat' dir='ltr'>coram</span> 
     </span>
     <span class='ocr_line' id='line_1_14' title="bbox 264 1726 1531 1810; baseline 0.001 -22"><span class='ocrx_word' id='word_1_104' title='bbox 264 1728 357 1789; x_wconf 90' lang='lat' dir='ltr'>nobis</span> <span class='ocrx_word' id='word_1_105' title='bbox 381 1726 415 1787; x_wconf 94' lang='lat' dir='ltr'>id</span> <span class='ocrx_word' id='word_1_106' title='bbox 439 1727 675 1808; x_wconf 86' lang='lat' dir='ltr'>comprobavit,</span> <span class='ocrx_word' id='word_1_107' title='bbox 700 1739 734 1788; x_wconf 94' lang='lat' dir='ltr'>ut</span> <span class='ocrx_word' id='word_1_108' title='bbox 758 1726 920 1788; x_wconf 80' lang='lat' dir='ltr'>Fabianus</span> <span class='ocrx_word' id='word_1_109' title='bbox 944 1727 1087 1788; x_wconf 83' lang='lat' dir='ltr'>literatus</span> <span class='ocrx_word' id='word_1_110' title='bbox 1110 1746 1183 1788; x_wconf 91' lang='lat' dir='ltr'>cum</span> <span class='ocrx_word' id='word_1_111' title='bbox 1209 1727 1278 1809; x_wconf 91' lang='lat' dir='ltr'>ipso</span> <span class='ocrx_word' id='word_1_112' title='bbox 1303 1728 1432 1789; x_wconf 84' lang='lat' dir='ltr'>racione</span> <span class='ocrx_word' id='word_1_113' title='bbox 1450 1748 1531 1810; x_wconf 93' lang='lat' dir='ltr'>quo·</span> 
     </span>
     <span class='ocr_line' id='line_1_15' title="bbox 264 1831 1533 1915; baseline -0.001 -19"><span class='ocrx_word' id='word_1_114' title='bbox 264 1834 412 1896; x_wconf 86' lang='lat' dir='ltr'>rumdam</span> <span class='ocrx_word' id='word_1_115' title='bbox 437 1833 621 1909; x_wconf 85' lang='lat' dir='ltr'>domorum,</span> <span class='ocrx_word' id='word_1_116' title='bbox 646 1852 708 1914; x_wconf 91' lang='lat' dir='ltr'>que</span> <span class='ocrx_word' id='word_1_117' title='bbox 730 1831 935 1895; x_wconf 89' lang='lat' dir='ltr'>Chezenicbe</span> <span class='ocrx_word' id='word_1_118' title='bbox 968 1831 1169 1915; x_wconf 83' lang='lat' dir='ltr'>prefuissent,</span> <span class='ocrx_word' id='word_1_119' title='bbox 1195 1854 1234 1895; x_wconf 93' lang='lat' dir='ltr'>eo</span> <span class='ocrx_word' id='word_1_120' title='bbox 1267 1834 1366 1895; x_wconf 90' lang='lat' dir='ltr'>modo</span> <span class='ocrx_word' id='word_1_121' title='bbox 1400 1853 1533 1895; x_wconf 92' lang='lat' dir='ltr'>concor·</span> 
     </span>
     <span class='ocr_line' id='line_1_16' title="bbox 265 1937 1534 2016; baseline 0.002 -17"><span class='ocrx_word' id='word_1_122' title='bbox 265 1939 350 2000; x_wconf 89' lang='lat' dir='ltr'>diam</span> <span class='ocrx_word' id='word_1_123' title='bbox 375 1937 512 2016; x_wconf 85' lang='lat' dir='ltr'>lecisset,</span> <span class='ocrx_word' id='word_1_124' title='bbox 537 1953 571 2000; x_wconf 94' lang='lat' dir='ltr'>ut</span> <span class='ocrx_word' id='word_1_125' title='bbox 596 1938 683 2000; x_wconf 90' lang='lat' dir='ltr'>idem</span> <span class='ocrx_word' id='word_1_126' title='bbox 707 1938 819 2000; x_wconf 87' lang='lat' dir='ltr'>Petrus</span> <span class='ocrx_word' id='word_1_127' title='bbox 835 1939 896 2000; x_wconf 92' lang='lat' dir='ltr'>sibi</span> <span class='ocrx_word' id='word_1_128' title='bbox 921 1938 1072 2001; x_wconf 89' lang='lat' dir='ltr'>videlicet</span> <span class='ocrx_word' id='word_1_129' title='bbox 1090 1939 1235 2000; x_wconf 87' lang='lat' dir='ltr'>Fabiano</span> <span class='ocrx_word' id='word_1_130' title='bbox 1254 1939 1367 2000; x_wconf 90' lang='lat' dir='ltr'>decem</span> <span class='ocrx_word' id='word_1_131' title='bbox 1393 1938 1534 2001; x_wconf 87' lang='lat' dir='ltr'>florenos</span> 
     </span>
     <span class='ocr_line' id='line_1_17' title="bbox 265 2043 1535 2126; baseline 0.001 -20"><span class='ocrx_word' id='word_1_132' title='bbox 265 2046 344 2123; x_wconf 89' lang='lat' dir='ltr'>auri,</span> <span class='ocrx_word' id='word_1_133' title='bbox 370 2045 456 2105; x_wconf 91' lang='lat' dir='ltr'>idem</span> <span class='ocrx_word' id='word_1_134' title='bbox 481 2064 558 2106; x_wconf 88' lang='lat' dir='ltr'>vero</span> <span class='ocrx_word' id='word_1_135' title='bbox 582 2044 745 2106; x_wconf 87' lang='lat' dir='ltr'>Fabianus</span> <span class='ocrx_word' id='word_1_136' title='bbox 769 2044 875 2106; x_wconf 89' lang='lat' dir='ltr'>eidem</span> <span class='ocrx_word' id='word_1_137' title='bbox 909 2045 1003 2106; x_wconf 89' lang='lat' dir='ltr'>Petro</span> <span class='ocrx_word' id='word_1_138' title='bbox 1028 2064 1147 2126; x_wconf 82' lang='lat' dir='ltr'>magno</span> <span class='ocrx_word' id='word_1_139' title='bbox 1180 2043 1425 2126; x_wconf 87' lang='lat' dir='ltr'>expedicionem</span> <span class='ocrx_word' id='word_1_140' title='bbox 1458 2046 1535 2107; x_wconf 86' lang='lat' dir='ltr'>dare</span> 
     </span>
     <span class='ocr_line' id='line_1_18' title="bbox 265 2150 1532 2232; baseline 0.002 -21"><span class='ocrx_word' id='word_1_141' title='bbox 265 2164 446 2227; x_wconf 91' lang='lat' dir='ltr'>teneretur;</span> <span class='ocrx_word' id='word_1_142' title='bbox 471 2151 545 2212; x_wconf 94' lang='lat' dir='ltr'>ideo</span> <span class='ocrx_word' id='word_1_143' title='bbox 570 2150 648 2211; x_wconf 93' lang='lat' dir='ltr'>dum</span> <span class='ocrx_word' id='word_1_144' title='bbox 673 2152 740 2232; x_wconf 92' lang='lat' dir='ltr'>ipse</span> <span class='ocrx_word' id='word_1_145' title='bbox 765 2151 926 2212; x_wconf 90' lang='lat' dir='ltr'>Fabianus</span> <span class='ocrx_word' id='word_1_146' title='bbox 950 2151 1056 2212; x_wconf 93' lang='lat' dir='ltr'>eidem</span> <span class='ocrx_word' id='word_1_147' title='bbox 1086 2151 1180 2213; x_wconf 86' lang='lat' dir='ltr'>Petro</span> <span class='ocrx_word' id='word_1_148' title='bbox 1205 2151 1451 2232; x_wconf 82' lang='lat' dir='ltr'>expedicionem</span> <span class='ocrx_word' id='word_1_149' title='bbox 1477 2153 1532 2214; x_wconf 89' lang='lat' dir='ltr'>de·</span> 
     </span>
     <span class='ocr_line' id='line_1_19' title="bbox 266 2256 1532 2335; baseline 0.002 -16"><span class='ocrx_word' id='word_1_150' title='bbox 266 2258 358 2335; x_wconf 89' lang='lat' dir='ltr'>derit,</span> <span class='ocrx_word' id='word_1_151' title='bbox 383 2271 459 2318; x_wconf 91' lang='lat' dir='ltr'>tunc</span> <span class='ocrx_word' id='word_1_152' title='bbox 483 2257 570 2318; x_wconf 91' lang='lat' dir='ltr'>idem</span> <span class='ocrx_word' id='word_1_153' title='bbox 594 2257 707 2318; x_wconf 88' lang='lat' dir='ltr'>Petrus</span> <span class='ocrx_word' id='word_1_154' title='bbox 730 2257 833 2318; x_wconf 91' lang='lat' dir='ltr'>dictos</span> <span class='ocrx_word' id='word_1_155' title='bbox 860 2258 973 2319; x_wconf 90' lang='lat' dir='ltr'>decem</span> <span class='ocrx_word' id='word_1_156' title='bbox 1004 2256 1074 2319; x_wconf 91' lang='lat' dir='ltr'>flor.</span> <span class='ocrx_word' id='word_1_157' title='bbox 1099 2257 1206 2318; x_wconf 91' lang='lat' dir='ltr'>eidem</span> <span class='ocrx_word' id='word_1_158' title='bbox 1239 2257 1383 2320; x_wconf 90' lang='lat' dir='ltr'>Fabiano</span> <span class='ocrx_word' id='word_1_159' title='bbox 1407 2259 1532 2321; x_wconf 87' lang='lat' dir='ltr'>solvere</span> 
     </span>
     <span class='ocr_line' id='line_1_20' title="bbox 267 2362 1534 2446; baseline 0.002 -21"><span class='ocrx_word' id='word_1_160' title='bbox 267 2365 448 2440; x_wconf 87' lang='lat' dir='ltr'>tenebitur;</span> <span class='ocrx_word' id='word_1_161' title='bbox 472 2364 534 2425; x_wconf 93' lang='lat' dir='ltr'>hoc</span> <span class='ocrx_word' id='word_1_162' title='bbox 558 2378 666 2425; x_wconf 91' lang='lat' dir='ltr'>tamen</span> <span class='ocrx_word' id='word_1_163' title='bbox 691 2362 826 2443; x_wconf 87' lang='lat' dir='ltr'>adjecto,</span> <span class='ocrx_word' id='word_1_164' title='bbox 851 2364 939 2444; x_wconf 91' lang='lat' dir='ltr'>quod</span> <span class='ocrx_word' id='word_1_165' title='bbox 967 2363 1077 2425; x_wconf 91' lang='lat' dir='ltr'>omnia</span> <span class='ocrx_word' id='word_1_166' title='bbox 1108 2364 1261 2446; x_wconf 88' lang='lat' dir='ltr'>premissa</span> <span class='ocrx_word' id='word_1_167' title='bbox 1287 2383 1359 2425; x_wconf 91' lang='lat' dir='ltr'>cum</span> <span class='ocrx_word' id='word_1_168' title='bbox 1385 2379 1534 2427; x_wconf 87' lang='lat' dir='ltr'>consorte</span> 
     </span>
     <span class='ocr_line' id='line_1_21' title="bbox 267 2469 1536 2551; baseline 0.001 -20"><span class='ocrx_word' id='word_1_169' title='bbox 267 2470 340 2533; x_wconf 88' lang='lat' dir='ltr'>dIcti</span> <span class='ocrx_word' id='word_1_170' title='bbox 366 2470 501 2532; x_wconf 92' lang='lat' dir='ltr'>Fabiani</span> <span class='ocrx_word' id='word_1_171' title='bbox 526 2485 600 2531; x_wconf 90' lang='lat' dir='ltr'>sunt</span> <span class='ocrx_word' id='word_1_172' title='bbox 624 2482 762 2551; x_wconf 82' lang='lat' dir='ltr'>peracta,</span> <span class='ocrx_word' id='word_1_173' title='bbox 786 2481 817 2530; x_wconf 88' lang='lat' dir='ltr'>et</span> <span class='ocrx_word' id='word_1_174' title='bbox 839 2488 1006 2550; x_wconf 90' lang='lat' dir='ltr'>nunquam</span> <span class='ocrx_word' id='word_1_175' title='bbox 1039 2469 1137 2530; x_wconf 88' lang='lat' dir='ltr'>iidem</span> <span class='ocrx_word' id='word_1_176' title='bbox 1162 2469 1325 2531; x_wconf 86' lang='lat' dir='ltr'>Fabianus</span> <span class='ocrx_word' id='word_1_177' title='bbox 1348 2484 1380 2533; x_wconf 91' lang='lat' dir='ltr'>et</span> <span class='ocrx_word' id='word_1_178' title='bbox 1403 2491 1536 2533; x_wconf 89' lang='lat' dir='ltr'>consors</span> 
     </span>
     <span class='ocr_line' id='line_1_22' title="bbox 267 2574 1532 2659; baseline 0.002 -23"><span class='ocrx_word' id='word_1_179' title='bbox 267 2596 319 2638; x_wconf 86' lang='lat' dir='ltr'>sua</span> <span class='ocrx_word' id='word_1_180' title='bbox 332 2576 462 2638; x_wconf 89' lang='lat' dir='ltr'>racione</span> <span class='ocrx_word' id='word_1_181' title='bbox 476 2576 634 2637; x_wconf 89' lang='lat' dir='ltr'>dictarum</span> <span class='ocrx_word' id='word_1_182' title='bbox 645 2574 819 2636; x_wconf 90' lang='lat' dir='ltr'>domorum</span> <span class='ocrx_word' id='word_1_183' title='bbox 832 2575 923 2637; x_wconf 88' lang='lat' dir='ltr'>litem</span> <span class='ocrx_word' id='word_1_184' title='bbox 932 2594 1063 2636; x_wconf 89' lang='lat' dir='ltr'>movere</span> <span class='ocrx_word' id='word_1_185' title='bbox 1077 2575 1200 2656; x_wconf 90' lang='lat' dir='ltr'>possint</span> <span class='ocrx_word' id='word_1_186' title='bbox 1212 2576 1263 2637; x_wconf 87' lang='lat' dir='ltr'>vel</span> <span class='ocrx_word' id='word_1_187' title='bbox 1278 2592 1532 2659; x_wconf 89' lang='lat' dir='ltr'>presumpmant.</span> 
     </span>
    </p>

    <p class='ocr_par' dir='ltr' id='par_1_7' title="bbox 269 2679 1536 2869">
     <span class='ocr_line' id='line_1_23' title="bbox 371 2679 1536 2764; baseline 0.002 -22"><span class='ocrx_word' id='word_1_188' title='bbox 371 2681 450 2743; x_wconf 90' lang='lat' dir='ltr'>Item</span> <span class='ocrx_word' id='word_1_189' title='bbox 476 2682 599 2742; x_wconf 90' lang='lat' dir='ltr'>Drasko</span> <span class='ocrx_word' id='word_1_190' title='bbox 624 2680 664 2742; x_wconf 89' lang='lat' dir='ltr'>de</span> <span class='ocrx_word' id='word_1_191' title='bbox 691 2679 824 2763; x_wconf 87' lang='lat' dir='ltr'>Dedych</span> <span class='ocrx_word' id='word_1_192' title='bbox 855 2694 971 2742; x_wconf 91' lang='lat' dir='ltr'>octavo</span> <span class='ocrx_word' id='word_1_193' title='bbox 996 2680 1047 2741; x_wconf 90' lang='lat' dir='ltr'>die</span> <span class='ocrx_word' id='word_1_194' title='bbox 1079 2681 1221 2742; x_wconf 89' lang='lat' dir='ltr'>secundo</span> <span class='ocrx_word' id='word_1_195' title='bbox 1245 2702 1278 2742; x_wconf 88' lang='lat' dir='ltr'>se</span> <span class='ocrx_word' id='word_1_196' title='bbox 1302 2702 1398 2764; x_wconf 89' lang='lat' dir='ltr'>super</span> <span class='ocrx_word' id='word_1_197' title='bbox 1423 2704 1461 2745; x_wconf 89' lang='lat' dir='ltr'>eo</span> <span class='ocrx_word' id='word_1_198' title='bbox 1486 2683 1536 2763; x_wconf 87' lang='lat' dir='ltr'>ju·</span> 
     </span>
     <span class='ocr_line' id='line_1_24' title="bbox 269 2786 982 2869; baseline -0.001 -20"><span class='ocrx_word' id='word_1_199' title='bbox 269 2789 357 2867; x_wconf 90' lang='lat' dir='ltr'>rabit,</span> <span class='ocrx_word' id='word_1_200' title='bbox 383 2788 472 2868; x_wconf 94' lang='lat' dir='ltr'>quod</span> <span class='ocrx_word' id='word_1_201' title='bbox 497 2788 602 2869; x_wconf 91' lang='lat' dir='ltr'>ipsum</span> <span class='ocrx_word' id='word_1_202' title='bbox 627 2786 751 2868; x_wconf 88' lang='lat' dir='ltr'>Symon</span> <span class='ocrx_word' id='word_1_203' title='bbox 776 2786 982 2848; x_wconf 84' lang='lat' dir='ltr'>vulnerasset.</span> 
     </span>
    </p>

    <p class='ocr_par' dir='ltr' id='par_1_8' title="bbox 272 2891 1533 3082">
     <span class='ocr_line' id='line_1_25' title="bbox 372 2891 1533 2973; baseline -0.002 -18"><span class='ocrx_word' id='word_1_204' title='bbox 372 2894 450 2955; x_wconf 91' lang='lat' dir='ltr'>Item</span> <span class='ocrx_word' id='word_1_205' title='bbox 476 2893 563 2954; x_wconf 90' lang='lat' dir='ltr'>idem</span> <span class='ocrx_word' id='word_1_206' title='bbox 588 2892 690 2954; x_wconf 89' lang='lat' dir='ltr'>Drask</span> <span class='ocrx_word' id='word_1_207' title='bbox 715 2891 859 2953; x_wconf 92' lang='lat' dir='ltr'>secundo</span> <span class='ocrx_word' id='word_1_208' title='bbox 883 2913 916 2953; x_wconf 91' lang='lat' dir='ltr'>se</span> <span class='ocrx_word' id='word_1_209' title='bbox 944 2906 1059 2953; x_wconf 85' lang='lat' dir='ltr'>octavo</span> <span class='ocrx_word' id='word_1_210' title='bbox 1083 2892 1135 2952; x_wconf 93' lang='lat' dir='ltr'>die</span> <span class='ocrx_word' id='word_1_211' title='bbox 1159 2891 1276 2972; x_wconf 85' lang='lat' dir='ltr'>jurabit</span> <span class='ocrx_word' id='word_1_212' title='bbox 1306 2891 1396 2973; x_wconf 91' lang='lat' dir='ltr'>quod</span> <span class='ocrx_word' id='word_1_213' title='bbox 1431 2892 1533 2954; x_wconf 88' lang='lat' dir='ltr'>Bene-</span> 
     </span>
     <span class='ocr_line' id='line_1_26' title="bbox 272 2999 731 3082; baseline -0.007 -18"><span class='ocrx_word' id='word_1_214' title='bbox 272 3001 370 3063; x_wconf 86' lang='lat' dir='ltr'>dictus</span> <span class='ocrx_word' id='word_1_215' title='bbox 395 3001 501 3082; x_wconf 91' lang='lat' dir='ltr'>ipsum</span> <span class='ocrx_word' id='word_1_216' title='bbox 525 2999 731 3061; x_wconf 87' lang='lat' dir='ltr'>vulnerasset.</span> 
     </span>
    </p>

    <p class='ocr_par' dir='ltr' id='par_1_9' title="bbox 274 3103 1532 3291">
     <span class='ocr_line' id='line_1_27' title="bbox 370 3103 1532 3187; baseline -0.003 -19"><span class='ocrx_word' id='word_1_217' title='bbox 370 3107 449 3168; x_wconf 93' lang='lat' dir='ltr'>Item</span> <span class='ocrx_word' id='word_1_218' title='bbox 466 3106 606 3167; x_wconf 85' lang='lat' dir='ltr'>Iacobus</span> <span class='ocrx_word' id='word_1_219' title='bbox 623 3104 701 3166; x_wconf 91' lang='lat' dir='ltr'>Bole</span> <span class='ocrx_word' id='word_1_220' title='bbox 719 3117 830 3166; x_wconf 91' lang='lat' dir='ltr'>contra</span> <span class='ocrx_word' id='word_1_221' title='bbox 843 3104 1014 3166; x_wconf 79' lang='lat' dir='ltr'>domiuum</span> <span class='ocrx_word' id='word_1_222' title='bbox 1032 3104 1218 3187; x_wconf 86' lang='lat' dir='ltr'>Mykusium</span> <span class='ocrx_word' id='word_1_223' title='bbox 1235 3103 1374 3165; x_wconf 90' lang='lat' dir='ltr'>condam</span> <span class='ocrx_word' id='word_1_224' title='bbox 1392 3103 1532 3184; x_wconf 82' lang='lat' dir='ltr'>judicem</span> 
     </span>
     <span class='ocr_line' id='line_1_28' title="bbox 274 3210 1462 3291; baseline 0 -19"><span class='ocrx_word' id='word_1_225' title='bbox 274 3228 353 3277; x_wconf 87' lang='lat' dir='ltr'>actor</span> <span class='ocrx_word' id='word_1_226' title='bbox 376 3212 554 3289; x_wconf 87' lang='lat' dir='ltr'>existendo,</span> <span class='ocrx_word' id='word_1_227' title='bbox 579 3230 709 3273; x_wconf 88' lang='lat' dir='ltr'>causam</span> <span class='ocrx_word' id='word_1_228' title='bbox 734 3229 826 3271; x_wconf 89' lang='lat' dir='ltr'>suam</span> <span class='ocrx_word' id='word_1_229' title='bbox 850 3211 1002 3272; x_wconf 83' lang='lat' dir='ltr'>exscitare</span> <span class='ocrx_word' id='word_1_230' title='bbox 1028 3229 1093 3272; x_wconf 94' lang='lat' dir='ltr'>non</span> <span class='ocrx_word' id='word_1_231' title='bbox 1125 3211 1212 3271; x_wconf 88' lang='lat' dir='ltr'>venit</span> <span class='ocrx_word' id='word_1_232' title='bbox 1235 3229 1341 3291; x_wconf 90' lang='lat' dir='ltr'>neque</span> <span class='ocrx_word' id='word_1_233' title='bbox 1366 3210 1462 3272; x_wconf 90' lang='lat' dir='ltr'>misit.</span> 
     </span>
    </p>

    <p class='ocr_par' dir='ltr' id='par_1_10' title="bbox 276 3315 1534 3504">
     <span class='ocr_line' id='line_1_29' title="bbox 371 3315 1534 3399; baseline -0.003 -19"><span class='ocrx_word' id='word_1_234' title='bbox 371 3319 450 3380; x_wconf 89' lang='lat' dir='ltr'>Item</span> <span class='ocrx_word' id='word_1_235' title='bbox 475 3317 639 3379; x_wconf 76' lang='lat' dir='ltr'>Iohannes</span> <span class='ocrx_word' id='word_1_236' title='bbox 669 3315 753 3377; x_wconf 85' lang='lat' dir='ltr'>lilius</span> <span class='ocrx_word' id='word_1_237' title='bbox 786 3316 963 3399; x_wconf 87' lang='lat' dir='ltr'>Mychaelis</span> <span class='ocrx_word' id='word_1_238' title='bbox 992 3315 1078 3378; x_wconf 89' lang='lat' dir='ltr'>filius</span> <span class='ocrx_word' id='word_1_239' title='bbox 1102 3316 1257 3377; x_wconf 85' lang='lat' dir='ltr'>Iohannis</span> <span class='ocrx_word' id='word_1_240' title='bbox 1281 3331 1391 3378; x_wconf 91' lang='lat' dir='ltr'>contra</span> <span class='ocrx_word' id='word_1_241' title='bbox 1417 3315 1534 3399; x_wconf 87' lang='lat' dir='ltr'>Gyuan</span> 
     </span>
     <span class='ocr_line' id='line_1_30' title="bbox 276 3423 1488 3504; baseline 0.002 -21"><span class='ocrx_word' id='word_1_242' title='bbox 276 3439 353 3488; x_wconf 88' lang='lat' dir='ltr'>actor</span> <span class='ocrx_word' id='word_1_243' title='bbox 376 3424 543 3486; x_wconf 83' lang='lat' dir='ltr'>existendo</span> <span class='ocrx_word' id='word_1_244' title='bbox 568 3443 634 3484; x_wconf 94' lang='lat' dir='ltr'>non</span> <span class='ocrx_word' id='word_1_245' title='bbox 655 3423 753 3500; x_wconf 85' lang='lat' dir='ltr'>venit,</span> <span class='ocrx_word' id='word_1_246' title='bbox 770 3443 875 3504; x_wconf 91' lang='lat' dir='ltr'>neque</span> <span class='ocrx_word' id='word_1_247' title='bbox 893 3423 995 3484; x_wconf 91' lang='lat' dir='ltr'>missit</span> <span class='ocrx_word' id='word_1_248' title='bbox 1019 3423 1184 3484; x_wconf 89' lang='lat' dir='ltr'>accionem</span> <span class='ocrx_word' id='word_1_249' title='bbox 1208 3443 1300 3484; x_wconf 91' lang='lat' dir='ltr'>suam</span> <span class='ocrx_word' id='word_1_250' title='bbox 1324 3423 1488 3485; x_wconf 83' lang='lat' dir='ltr'>exscitare.</span> 
     </span>
    </p>

    <p class='ocr_par' dir='ltr' id='par_1_11' title="bbox 278 3528 1533 3719">
     <span class='ocr_line' id='line_1_31' title="bbox 291 3528 1533 3610; baseline -0.002 -18"><span class='ocrx_word' id='word_1_251' title='bbox 291 3558 301 3585; x_wconf 75' lang='grc' dir='ltr'>ι</span> <span class='ocrx_word' id='word_1_252' title='bbox 370 3531 449 3592; x_wconf 89' lang='lat' dir='ltr'>Item</span> <span class='ocrx_word' id='word_1_253' title='bbox 474 3529 621 3591; x_wconf 78' lang='lat' dir='ltr'>Andreas</span> <span class='ocrx_word' id='word_1_254' title='bbox 645 3529 684 3589; x_wconf 94' lang='lat' dir='ltr'>de</span> <span class='ocrx_word' id='word_1_255' title='bbox 710 3528 838 3590; x_wconf 87' lang='lat' dir='ltr'>Rodees</span> <span class='ocrx_word' id='word_1_256' title='bbox 862 3543 971 3590; x_wconf 92' lang='lat' dir='ltr'>contra</span> <span class='ocrx_word' id='word_1_257' title='bbox 1007 3529 1136 3590; x_wconf 89' lang='lat' dir='ltr'>Petrum</span> <span class='ocrx_word' id='word_1_258' title='bbox 1168 3529 1364 3610; x_wconf 85' lang='lat' dir='ltr'>clavigerum</span> <span class='ocrx_word' id='word_1_259' title='bbox 1391 3530 1533 3590; x_wconf 87' lang='lat' dir='ltr'>custodis</span> 
     </span>
     <span class='ocr_line' id='line_1_32' title="bbox 278 3634 1406 3719; baseline 0.001 -24"><span class='ocrx_word' id='word_1_260' title='bbox 278 3634 504 3719; x_wconf 88' lang='lat' dir='ltr'>perhemptorie</span> <span class='ocrx_word' id='word_1_261' title='bbox 530 3635 725 3718; x_wconf 87' lang='lat' dir='ltr'>respondere</span> <span class='ocrx_word' id='word_1_262' title='bbox 749 3635 870 3696; x_wconf 90' lang='lat' dir='ltr'>debens</span> <span class='ocrx_word' id='word_1_263' title='bbox 896 3655 961 3696; x_wconf 94' lang='lat' dir='ltr'>non</span> <span class='ocrx_word' id='word_1_264' title='bbox 986 3635 1152 3716; x_wconf 90' lang='lat' dir='ltr'>respondit</span> <span class='ocrx_word' id='word_1_265' title='bbox 1177 3653 1283 3715; x_wconf 91' lang='lat' dir='ltr'>neque</span> <span class='ocrx_word' id='word_1_266' title='bbox 1307 3635 1406 3696; x_wconf 90' lang='lat' dir='ltr'>venit.</span> 
     </span>
    </p>
   </div>
   <div class='ocr_carea' id='block_1_2' title="bbox 399 3855 1421 4083">
    <p class='ocr_par' dir='ltr' id='par_1_12' title="bbox 399 3855 1421 4083">
     <span class='ocr_line' id='line_1_33' title="bbox 399 3855 1421 3929; baseline -0.006 0"><span class='ocrx_word' id='word_1_267' title='bbox 399 3855 496 3929; x_wconf 82' lang='lat' dir='ltr'>FerIa</span> <span class='ocrx_word' id='word_1_268' title='bbox 525 3867 622 3929; x_wconf 82' lang='lat' dir='ltr'>serta</span> <span class='ocrx_word' id='word_1_269' title='bbox 652 3865 732 3928; x_wconf 87' lang='lat' dir='ltr'>ante</span> <span class='ocrx_word' id='word_1_270' title='bbox 760 3855 883 3926; x_wconf 80' lang='lat' dir='ltr'>festum</span> <span class='ocrx_word' id='word_1_271' title='bbox 912 3855 1122 3926; x_wconf 81' lang='lat' dir='ltr'>InvencionIs</span> <span class='ocrx_word' id='word_1_272' title='bbox 1151 3860 1268 3925; x_wconf 88' lang='lat' dir='ltr'>sancte</span> <span class='ocrx_word' id='word_1_273' title='bbox 1297 3857 1421 3925; x_wconf 89' lang='lat' dir='ltr'>crucis.</span> 
     </span>
     <span class='ocr_line' id='line_1_34' title="bbox 819 4006 983 4083; baseline 0.018 -19"><span class='ocrx_word' id='word_1_274' title='bbox 819 4020 861 4083; x_wconf 88' lang='lat'>(2.</span> <span class='ocrx_word' id='word_1_275' title='bbox 885 4006 983 4083; x_wconf 83' lang='lat' dir='ltr'>maii).</span> 
     </span>
    </p>
   </div>
   <div class='ocr_carea' id='block_1_3' title="bbox 297 4145 1536 4653">
    <p class='ocr_par' dir='ltr' id='par_1_13' title="bbox 373 4145 1536 4232">
     <span class='ocr_line' id='line_1_35' title="bbox 373 4145 1536 4232; baseline -0.004 -21"><span class='ocrx_word' id='word_1_276' title='bbox 373 4151 451 4214; x_wconf 90' lang='lat' dir='ltr'>Item</span> <span class='ocrx_word' id='word_1_277' title='bbox 478 4149 627 4232; x_wconf 75' lang='lat' dir='ltr'>Bedycba</span> <span class='ocrx_word' id='word_1_278' title='bbox 653 4163 763 4210; x_wconf 88' lang='lat' dir='ltr'>contra</span> <span class='ocrx_word' id='word_1_279' title='bbox 788 4148 927 4208; x_wconf 89' lang='lat' dir='ltr'>Judeum</span> <span class='ocrx_word' id='word_1_280' title='bbox 960 4147 1065 4228; x_wconf 82' lang='lat' dir='ltr'>prImo</span> <span class='ocrx_word' id='word_1_281' title='bbox 1099 4147 1214 4207; x_wconf 89' lang='lat' dir='ltr'>citatus</span> <span class='ocrx_word' id='word_1_282' title='bbox 1246 4165 1312 4207; x_wconf 89' lang='lat' dir='ltr'>non</span> <span class='ocrx_word' id='word_1_283' title='bbox 1345 4145 1536 4227; x_wconf 91' lang='lat' dir='ltr'>comparuit.</span> 
     </span>
    </p>

    <p class='ocr_par' dir='ltr' id='par_1_14' title="bbox 297 4250 1535 4448">
     <span class='ocr_line' id='line_1_36' title="bbox 374 4250 1535 4332; baseline -0.009 -12"><span class='ocrx_word' id='word_1_284' title='bbox 374 4258 452 4320; x_wconf 88' lang='lat' dir='ltr'>Item</span> <span class='ocrx_word' id='word_1_285' title='bbox 477 4276 572 4319; x_wconf 89' lang='lat' dir='ltr'>causa</span> <span class='ocrx_word' id='word_1_286' title='bbox 589 4256 736 4317; x_wconf 90' lang='lat' dir='ltr'>Barnabe</span> <span class='ocrx_word' id='word_1_287' title='bbox 760 4266 869 4316; x_wconf 92' lang='lat' dir='ltr'>contra</span> <span class='ocrx_word' id='word_1_288' title='bbox 888 4253 994 4314; x_wconf 87' lang='lat' dir='ltr'>Endre</span> <span class='ocrx_word' id='word_1_289' title='bbox 1019 4252 1059 4314; x_wconf 89' lang='lat' dir='ltr'>ad</span> <span class='ocrx_word' id='word_1_290' title='bbox 1083 4266 1234 4313; x_wconf 86' lang='lat' dir='ltr'>octavum</span> <span class='ocrx_word' id='word_1_291' title='bbox 1259 4251 1345 4312; x_wconf 92' lang='lat' dir='ltr'>diem</span> <span class='ocrx_word' id='word_1_292' title='bbox 1363 4250 1404 4312; x_wconf 91' lang='lat' dir='ltr'>ad</span> <span class='ocrx_word' id='word_1_293' title='bbox 1422 4268 1535 4332; x_wconf 90' lang='lat' dir='ltr'>pacem</span> 
     </span>
     <span class='ocr_line' id='line_1_37' title="bbox 297 4374 476 4448; baseline 0.011 -24"><span class='ocrx_word' id='word_1_294' title='bbox 297 4374 476 4448; x_wconf 78' lang='lat' dir='ltr'>strecepta.</span> 
     </span>
    </p>

    <p class='ocr_par' dir='ltr' id='par_1_15' title="bbox 373 4462 1487 4550">
     <span class='ocr_line' id='line_1_38' title="bbox 373 4462 1487 4550; baseline -0.007 -18"><span class='ocrx_word' id='word_1_295' title='bbox 373 4469 450 4532; x_wconf 90' lang='lat' dir='ltr'>Item</span> <span class='ocrx_word' id='word_1_296' title='bbox 476 4470 627 4531; x_wconf 88' lang='lat' dir='ltr'>Marenus</span> <span class='ocrx_word' id='word_1_297' title='bbox 650 4468 789 4550; x_wconf 89' lang='lat' dir='ltr'>lapicida</span> <span class='ocrx_word' id='word_1_298' title='bbox 814 4481 925 4528; x_wconf 91' lang='lat' dir='ltr'>contra</span> <span class='ocrx_word' id='word_1_299' title='bbox 941 4465 1027 4527; x_wconf 88' lang='lat' dir='ltr'>Iwan</span> <span class='ocrx_word' id='word_1_300' title='bbox 1052 4480 1167 4527; x_wconf 91' lang='lat' dir='ltr'>octavo</span> <span class='ocrx_word' id='word_1_301' title='bbox 1192 4464 1244 4525; x_wconf 88' lang='lat' dir='ltr'>die</span> <span class='ocrx_word' id='word_1_302' title='bbox 1269 4462 1487 4545; x_wconf 90' lang='lat' dir='ltr'>respondebit.</span> 
     </span>
    </p>

    <p class='ocr_par' dir='ltr' id='par_1_16' title="bbox 375 4568 1535 4653">
     <span class='ocr_line' id='line_1_39' title="bbox 375 4568 1535 4653; baseline -0.007 -15"><span class='ocrx_word' id='word_1_303' title='bbox 375 4576 451 4638; x_wconf 88' lang='lat' dir='ltr'>Item</span> <span class='ocrx_word' id='word_1_304' title='bbox 472 4575 665 4638; x_wconf 89' lang='lat' dir='ltr'>Benedictus</span> <span class='ocrx_word' id='word_1_305' title='bbox 682 4589 790 4635; x_wconf 90' lang='lat' dir='ltr'>contra</span> <span class='ocrx_word' id='word_1_306' title='bbox 809 4572 987 4653; x_wconf 81' lang='lat' dir='ltr'>Georgium</span> <span class='ocrx_word' id='word_1_307' title='bbox 1002 4571 1107 4653; x_wconf 94' lang='lat' dir='ltr'>primo</span> <span class='ocrx_word' id='word_1_308' title='bbox 1125 4571 1239 4633; x_wconf 89' lang='lat' dir='ltr'>citatus</span> <span class='ocrx_word' id='word_1_309' title='bbox 1260 4589 1326 4631; x_wconf 92' lang='lat' dir='ltr'>non</span> <span class='ocrx_word' id='word_1_310' title='bbox 1343 4568 1535 4650; x_wconf 90' lang='lat' dir='ltr'>comparuit.</span> 
     </span>
    </p>
   </div>
   <div class='ocr_carea' id='block_1_4' title="bbox 0 0 1717 5362">
    <p class='ocr_par' dir='ltr' id='par_1_17' title="bbox 0 0 1717 5362">
     <span class='ocr_line' id='line_1_40' title="bbox 0 0 1717 5362; baseline 0 0"><span class='ocrx_word' id='word_1_311' title='bbox 0 0 1717 5362; x_wconf 95' lang='lat' dir='ltr'> </span> 
     </span>
    </p>
   </div>
  </div>
 </body>
</html>
