3404 5362
501 377 590 435 Anno
613 386 700 454 1377.
726 410 765 420 -
785 391 820 453 3.
836 378 920 452 julii.
1307 396 1347 457 97

93 480 435 489 ——....---.---·—.-

184 586 262 647 ltem
288 586 406 647 Mario
432 585 594 648 leonardi
627 599 736 648 contra
762 586 942 648 Johannem
976 585 1140 649 Chemerii
1166 587 1272 669 primo
1305 587 1348 648 ci·

82 702 162 753 tatus
186 712 251 754 non
276 692 468 774 comparuit.

184 799 262 861 Item
288 800 452 861 lohannes
477 819 613 880 magnus
637 815 747 863 contra
773 801 881 862 Mathe
899 800 1081 884 ensiparum
1106 802 1211 883 primo
1236 800 1349 863 citatus

77 924 143 967 uon
169 907 359 986 comparuit.

184 1012 262 1074 Item
288 1012 373 1073 lwan
399 1028 509 1074 contra
534 1012 712 1094 Georgium
736 1013 879 1075 secundo
896 1013 1009 1074 citatus
1028 1032 1093 1074 non
1112 1015 1301 1095 comparuit.

182 1137 260 1199 ltem
286 1138 460 1200 Chuethlxo
485 1153 515 1199 et
539 1138 626 1200 lwan
651 1151 761 1200 contra
786 1137 964 1219 Georgium
997 1138 1139 1200 secundo
1165 1139 1251 1201 citati
1278 1158 1345 1201 non

69 1258 338 1324 comparuerunt.

184 1349 263 1411 Item
287 1350 373 1412 lwan
407 1364 516 1412 contra
549 1350 718 1413 Chernech
749 1351 891 1412 secundo
922 1352 1036 1413 citatus
1061 1370 1125 1412 nou
1155 1352 1347 1433 comparuit.

185 1456 261 1517 ltem
289 1456 396 1518 Mallia
421 1470 530 1518 contra
555 1457 641 1518 lwan
666 1473 780 1519 octavo
806 1458 857 1519 die
882 1457 1099 1540 respondebit.

185 1562 262 1624 ltem
287 1563 482 1626 Benedictus
506 1578 615 1626 contra
642 1563 836 1646 Gregorium
867 1578 980 1626 octavo
1006 1565 1058 1626 die
1083 1565 1302 1647 respondebit.

183 1668 260 1731 ltem
287 1669 353 1752 Syb
375 1684 485 1732 contra
511 1670 653 1732 lwchech
678 1670 820 1732 secundo
845 1671 959 1732 citatus
983 1690 1047 1732 non
1074 1672 1264 1753 comparuit.

186 1776 262 1838 ltem
288 1776 473 1839 Anthonius
497 1792 527 1839 et
544 1777 651 1839 Dauid
676 1776 848 1839 familiares
865 1778 981 1856 Tadei‚
1006 1779 1080 1859 quia
1098 1792 1170 1840 sunt
1187 1799 1260 1841 cum
1278 1780 1347 1862 ipso

48 1885 209 1963 turbati,
233 1903 329 1965 super
353 1884 431 1965 quid
457 1885 542 1946 idem
568 1884 682 1946 Tadeo
705 1883 832 1966 juravit,
856 1884 915 1966 ipsi
941 1900 1055 1946 octavo
1073 1885 1126 1947 die
1153 1886 1346 1968 persolvent.

184 2009 261 2071 Item
299 2008 474 2092 Matheyko
509 2008 649 2071 carnifex
693 2022 803 2071 contra
839 2010 910 2071 Noz
953 2011 1096 2072 secundo
1132 2011 1246 2073 citatus
1282 2032 1347 2073 non

44 2115 270 2197 comparuit.

185 2222 262 2283 ltem
286 2222 373 2283 lwan
397 2222 549 2283 Zirothke
574 2242 647 2284 curn
673 2221 808 2283 Nicolao
826 2222 951 2284 Crisani
977 2243 1077 2304 usque
1095 2224 1275 2305 quindenas
1299 2246 1346 2287 ra·

41 2325 206 2391 cionem
232 2349 353 2411 ponere
378 2328 497 2389 debent
521 2330 648 2391 racione
681 2330 896 2410 quorumdam
931 2350 1103 2412 porcorum
1128 2352 1183 2413 per
1208 2332 1348 2393 eundem

39 2427 248 2497 Nicolaum
275 2435 477 2497 venundatis.

185 2543 261 2604 ltem
287 2541 433 2604 Gerardo
459 2541 602 2603 Gallicus
625 2555 736 2603 contra
761 2541 935 2626 Gyuanum
960 2563 1025 2604 non
1051 2544 1241 2627 comparuit.

137 2776 225 2852 lesia
254 2786 354 2852 sexta
383 2783 538 2870 proxima
566 2787 642 2869 post
670 2781 792 2853 festum
821 2782 996 2853 beatorum
1026 2782 1117 2853 Petri
1146 2792 1179 2853 et
1208 2782 1304 2854 Pauli

593 2906 834 2994 apostolorum.

633 3080 677 3153 (3.
693 3074 792 3156 Jielii).

186 3236 293 3296 Primo
318 3235 457 3296 lacobus
479 3232 611 3316 pellifex
643 3247 752 3296 contra
778 3233 973 3315 Gregorium
1005 3233 1110 3315 primo
1136 3233 1250 3294 citatus
1281 3253 1347 3295 non

61 3342 271 3423 comparuit.

185 3448 262 3510 Item
287 3468 382 3510 causa
415 3447 567 3531 Symonis
599 3460 629 3507 et
653 3444 824 3528 Dragozlai
857 3459 904 3508 est
932 3466 989 3529 per
1021 3460 1116 3509 testes
1141 3446 1180 3507 ad
1206 3444 1347 3527 primum
1456 3476 1458 3480 ·

71 3537 233 3621 iudicium
259 3568 386 3637 recepta
411 3553 451 3615 ad
476 3573 598 3637 pacem.

186 3662 263 3724 ltem
296 3661 480 3724 Alexander
511 3673 621 3723 contra
657 3659 859 3721 Franciscam
892 3660 1062 3721 mulierem
1094 3659 1201 3740 primo
1235 3657 1349 3720 citatus

84 3772 150 3828 uon
172 3769 361 3853 comparuit.

185 3875 262 3937 ltem
281 3875 352 3937 Elia
378 3894 494 3957 parvus
519 3887 629 3937 contra
654 3875 728 3935 Moz
745 3893 839 3935 suum
862 3872 991 3934 fratrem
1014 3873 1119 3955 primo
1144 3873 1258 3935 citatus
1282 3891 1346 3933 non

96 3982 271 4060 comparuit.

186 4087 262 4150 ltem
290 4108 383 4150 causa
407 4088 478 4149 Noz
510 4100 540 4148 et
573 4086 798 4169 Matheykouis
829 4099 876 4147 est
907 4106 963 4168 per
996 4085 1173 4167 Symonem
1198 4084 1237 4145 ad
1273 4095 1347 4145 octo

100 4184 152 4252 dies
172 4208 297 4277 recepta
322 4194 362 4256 ad
387 4214 511 4276 pacem.

186 4301 263 4363 Item
295 4302 386 4363 Mark
418 4315 450 4364 et
481 4300 642 4382 Georgius
672 4315 781 4362 contra
815 4300 1016 4361 Demetrium
1048 4299 1209 4360 literatum
1242 4297 1347 4379 primo

96 4404 167 4467 citati
199 4428 264 4471 non
289 4422 548 4490 comparuerunt.

178 4514 262 4577 'ltem
290 4514 413 4598 Symon
439 4528 549 4576 contra
572 4514 739 4576 Vrbanum
765 4515 869 4594 primo
894 4514 1007 4576 citatus
1028 4534 1093 4575 non
1112 4511 1302 4594 comparuit.

189 4621 264 4683 ltcrn
291 4621 454 4684 lohannes
479 4634 587 4683 contra
614 4620 721 4683 Mathe
747 4634 819 4703 post
842 4641 935 4682 sunm
970 4620 1144 4681 adventum
1170 4618 1275 4700 primo
1300 4617 1347 4695 ju·

88 4727 169 4789 dicio
193 4728 410 4810 respondebit.

187 4834 263 4897 ltem
288 4834 390 4897 Cursa
414 4848 524 4897 contra
550 4833 748 4916 Stephanum
773 4832 916 4894 secundo
937 4833 1050 4894 citatus
1076 4851 1138 4893 non
1157 4829 1346 4912 comparuit.

1222 4940 1240 5001 7
