3404 5362
516 352 603 411 Anno
626 348 721 428 1389.
749 385 784 394 -
811 366 842 425 4.
858 351 952 426 junii.
1306 368 1365 431 3⁰¹

206 561 285 623 ltem
318 560 481 623 lohannes
513 561 638 624 Samlar
669 574 779 623 contra
813 560 1009 642 Gregorium
1042 560 1189 622 voischar
1221 562 1368 623 terciario

80 668 217 731 citatus
240 688 306 730 non
332 667 523 751 comparuit.

218 866 316 942 Faria
344 876 442 941 sexta
470 870 626 959 proxima
653 876 731 959 post
759 869 882 941 festum
911 867 1127 943 ascensionis
1158 870 1291 942 domini.

648 1018 714 1099 (28.
738 1023 830 1090 mari).

209 1160 290 1222 ltem
315 1160 507 1223 Vlltmanich
540 1174 648 1223 contra
674 1161 776 1223 Volelt
802 1161 907 1243 primo
931 1161 1045 1223 citatus
1085 1179 1150 1222 non
1180 1160 1370 1243 comparuit.

209 1266 287 1328 ltem
314 1266 496 1351 Stephanus
520 1267 661 1329 salivena
686 1281 795 1330 contra
821 1266 895 1329 lvan
926 1267 1031 1349 primo
1056 1266 1170 1328 citatus
1193 1286 1258 1328 non
1283 1286 1370 1328 com·

77 1374 219 1454 paruit.

210 1480 289 1542 Item
315 1480 514 1543 Laurencius
536 1479 659 1560 juratus
689 1494 799 1544 contra
826 1479 1004 1542 Pertlinum
1037 1479 1143 1561 primo
1167 1479 1280 1541 citatus
1305 1499 1370 1541 non

76 1587 293 1669 comparuit.

209 1692 288 1754 Item
303 1694 412 1756 Marco
426 1692 617 1754 Gmizanich
636 1706 745 1755 contra
759 1692 940 1754 iohannem
953 1705 1067 1754 octavo
1080 1691 1132 1773 die
1149 1692 1368 1772 respondebit.

207 1799 286 1862 ltem
312 1799 465 1861 Nicolaus
489 1798 604 1861 Kouch
629 1813 738 1861 contra
764 1800 907 1861 Marcum
938 1798 1130 1861 secundario
1155 1798 1268 1860 citatus
1300 1818 1366 1860 non

80 1905 292 1988 comparuit.

208 2011 287 2075 ltem
313 2011 567 2075 Chuchenouich
593 2026 701 2075 contra
731 2013 904 2074 Lucasium
935 2009 1125 2073 secundario
1157 2011 1270 2071 citatus
1305 2028 1369 2071 non

97 2118 294 2201 comparuit.

209 2225 288 2287 Item
313 2244 407 2287 causa
424 2226 539 2288 Briccii
557 2240 665 2288 contra
684 2225 875 2288 Michaelem
899 2245 999 2307 usque
1017 2238 1090 2286 octo
1115 2223 1183 2284 dies
1201 2223 1240 2284 ad
1257 2242 1370 2305 pacem

107 2344 149 2391 est
173 2344 311 2412 recepta.

208 2436 288 2499 ltem
313 2438 451 2500 Michael
477 2438 646 2520 Vragouch
671 2453 785 2501 octavo
806 2437 858 2499 die
882 2438 981 2498 tercio
1006 2457 1037 2497 se
1055 2456 1150 2519 super
1175 2455 1212 2496 eo
1237 2434 1364 2516 jurabit,

96 2543 187 2622 quod
214 2544 280 2624 ipse
304 2563 322 2604 a
347 2544 486 2605 Martino
512 2544 622 2606 Hozca
647 2545 715 2606 auri
733 2545 805 2626 plus
826 2563 892 2605 non
910 2544 1079 2625 recepisset
1098 2542 1157 2602 nisi
1183 2561 1282 2602 unum
1301 2540 1370 2603 flor.

100 2662 132 2711 et
154 2669 252 2711 unam
278 2669 428 2730 marcam,
453 2664 485 2714 et
508 2664 647 2732 quatuor
671 2650 740 2713 flor.
765 2670 829 2711 non
856 2650 1034 2731 recepisset.

206 2756 286 2819 ltem
310 2757 399 2838 quod
423 2757 499 2838 quia
523 2757 658 2839 provida
684 2757 816 2818 domina
842 2756 936 2817 Kuna
970 2768 1080 2816 vocata
1104 2755 1213 2816 relicta
1240 2754 1364 2815 Paulini

103 2861 164 2922 Res
188 2881 245 2944 per
269 2862 402 2924 evidens
425 2863 645 2925 testimonium
675 2876 858 2924 nostrorum
890 2861 1073 2923 concivium
1099 2861 1130 2921 id
1155 2861 1366 2942 solempniter

103 2968 335 3050 comprobavit,
360 2981 394 3030 ut
419 2968 505 3031 idem
530 2969 643 3031 Paulin
669 2968 773 3030 adbuc
797 2969 874 3030 dum
893 2968 924 3028 in
951 2967 1099 3029 humanis
1124 2966 1235 3028 luisset
1259 2967 1367 3028 omnia

104 3074 185 3135 bona
210 3094 267 3135 sua
292 3074 399 3136 eidem
425 3076 518 3137 Kune
543 3076 723 3157 legavisset‚
758 3075 831 3136 ideo
857 3093 916 3135 nos
947 3074 1052 3135 eidem
1087 3073 1219 3134 domine
1244 3072 1369 3153 adjudi-

104 3180 245 3242 cavimus
270 3181 324 3259 ita‚
348 3182 436 3263 quod
463 3183 525 3242 Res
550 3181 644 3244 frater
661 3182 737 3243 dicti
763 3181 891 3242 Paulini
909 3200 1006 3262 super
1024 3181 1125 3262 ipsam
1144 3180 1273 3240 Kunam
1291 3179 1371 3241 nihil

102 3288 266 3369 acquirere
290 3288 390 3370 possit
415 3309 473 3350 nec
497 3289 552 3350 alii
576 3302 724 3370 parentes
748 3288 847 3370 ipsius
871 3288 945 3348 Res.

260 3487 356 3561 laria
381 3499 480 3561 sexta
511 3493 671 3579 proxima
700 3499 779 3562 ante
807 3490 929 3562 festum
958 3489 1204 3561 Penthecostes.

652 3645 695 3721 (4.
712 3646 819 3721 sitnia).

205 3784 283 3846 ltem
309 3783 490 3866 Stephanus
513 3784 654 3846 salivena
687 3798 796 3847 contra
822 3784 897 3845 lvan
923 3799 1037 3846 octavo
1071 3784 1123 3844 die
1149 3782 1369 3864 respondebit.

210 3890 286 3952 ltem
313 3890 387 3952 lvan
413 3905 522 3953 contra
548 3890 749 3952 Demetrium
772 3891 878 3972 primo
903 3891 1016 3951 citatus
1045 3908 1109 3950 non
1135 3888 1324 3970 comparuit.

209 3997 287 4059 ltem
325 3998 521 4059 Laurentius
553 3996 675 4078 juratus
707 4011 816 4059 contra
850 3996 1048 4059 Perthlinum
1082 3995 1224 4056 secundo
1257 3994 1371 4056 citatus

110 4122 168 4166 uon
194 4105 384 4186 comparuit.

208 4209 285 4271 Item
312 4210 423 4272 Petrus
440 4210 540 4271 decan
565 4223 676 4272 contra
694 4211 822 4271 Petrum
841 4210 946 4292 primo
963 4209 1076 4271 citatus
1093 4228 1157 4269 non
1176 4208 1367 4289 comparuit.

211 4316 289 4377 ltem
314 4316 449 4398 Egidius
472 4329 582 4378 contra
607 4315 743 4377 Paulum
768 4329 912 4378 sutorem
938 4314 1043 4396 primo
1074 4313 1186 4375 citatus
1202 4333 1266 4375 non
1284 4333 1371 4375 conr·

106 4423 218 4500 paruit.

211 4527 289 4589 Item
304 4528 480 4609 Gregorius
500 4541 609 4590 contra
630 4529 733 4591 Volelr
751 4527 941 4589 secundario
959 4527 1074 4587 citatus
1098 4545 1163 4587 non
1182 4525 1370 4607 comparuit.

208 4635 286 4697 Item
314 4654 407 4697 causa
433 4635 588 4696 iohannis
610 4637 699 4718 parvi
731 4649 841 4697 contra
868 4636 976 4696 Marco
1002 4654 1103 4715 usque
1136 4645 1209 4694 octo
1235 4632 1302 4693 dies
1326 4630 1365 4692 ad

95 4754 212 4816 pacem
238 4755 284 4802 est
307 4756 442 4824 recepta.

208 4847 285 4910 ltem
301 4847 461 4929 Georgius
474 4846 579 4909 Guchl
591 4862 699 4909 contra
713 4848 728 4908 J
733 4847 836 4910 ursich
851 4848 956 4927 primo
970 4847 1084 4909 citatus
1100 4865 1165 4906 non
1179 4843 1374 4926 comparuit
