3404 5362
216 344 280 406 344

321 538 399 598 Item
425 538 538 600 Marito
572 536 694 599 Gemez
726 551 836 599 contra
869 535 1064 618 Gregorium
1097 536 1239 598 secundo
1271 537 1389 598 citatus
1422 553 1510 598 not]

216 643 408 727 comparuit.

320 750 399 812 Item
423 770 517 812 causa
544 749 672 834 Gyuani
697 764 727 811 ct
746 749 869 811 Nicolai
895 763 941 811 est
956 768 1014 831 per
1036 747 1160 831 judices
1184 749 1223 810 ad
1249 763 1324 810 octo
1351 749 1422 810 dies
1446 750 1509 810 acl

212 875 325 939 pacem
350 870 487 938 recepta.

320 963 398 1025 Item
431 963 572 1045 predicta
604 963 736 1025 domina
768 962 878 1024 relicta
912 961 1019 1023 Mathe
1052 960 1197 1043 predicto
1236 962 1429 1024 testImonio
1456 976 1510 1024 ut:

214 1068 325 1130 debuit
355 1070 593 1151 comprobavit,
628 1069 716 1150 quod
742 1069 827 1130 idem
859 1067 966 1129 Mathe
998 1068 1077 1129 duas
1110 1068 1218 1129 vineas
1242 1067 1344 1150 ipsius
1377 1069 1494 1129 uxoris

213 1195 268 1237 sue
300 1196 358 1257 pro
390 1175 448 1237 XV
482 1176 596 1237 marcis
629 1190 659 1237 et
694 1173 832 1237 fundum
868 1195 926 1257 pro
961 1187 1100 1256 quatuor
1132 1174 1247 1235 marcis
1271 1193 1347 1235 cum
1374 1174 1484 1236 media

215 1281 421 1343 vendidisset.

320 1389 398 1450 Item
421 1388 536 1449 domos
559 1386 639 1449 duas
663 1386 792 1448 Thome
815 1386 891 1449 dicti
916 1386 1042 1449 Velanti
1072 1387 1205 1448 ecclesie
1228 1387 1329 1448 sancti
1357 1387 1486 1449 Nicolai

214 1491 404 1556 confessoris
429 1492 468 1554 de
500 1493 655 1573 ZagrabIa
686 1492 940 1573 adjudicavimus
973 1492 1183 1574 possidendas
1207 1491 1292 1572 juxta
1318 1491 1487 1571 adjudica·

212 1599 342 1661 cionem
359 1599 483 1660 domiui
509 1599 663 1661 Demetrii
687 1594 852 1681 episcopi*
870 1612 901 1660 et
923 1611 1149 1661 testamentum
1174 1597 1331 1660 Anthonii
1352 1599 1486 1677 decani3

215 1705 316 1788 ipsam
329 1719 436 1768 autem
451 1725 577 1767 causam
593 1706 754 1767 Iohannes
768 1704 927 1788 Chemery
945 1705 985 1765 ad
999 1704 1121 1785 judices
1133 1703 1285 1785 antiquos
1297 1704 1488 1787 appellavit.

322 1812 400 1873 Item
425 1811 533 1873 relicta
552 1811 659 1873 Mathe
677 1812 716 1872 de
734 1810 915 1873 Crauarzka
944 1811 1076 1872 terciam
1092 1825 1216 1893 partem
1239 1811 1485 1892 possessionum

144 1988 147 1992 Α
215 1919 275 1979 sibi
300 1939 356 2000 per
380 1919 530 1980 maritum
554 1938 647 1980 suum
672 1917 852 1999 predictum
870 1918 1008 1998 legatam
1033 1916 1289 1997 adjudicavimus
1313 1917 1483 1999 possiden-

217 2025 290 2086 dam
316 2025 356 2085 de
381 2026 465 2086 bona
491 2024 655 2086 voluntate
674 2023 803 2085 Gerdak
829 2023 933 2085 lratris
958 2024 1057 2106 Ipsius
1077 2023 1184 2085 Mathe
1203 2024 1324 2085 ibidem
1351 2039 1487 2104 astante,

215 2144 247 2192 et
271 2131 359 2192 nulla
384 2131 491 2193 debita
517 2131 616 2213 ipsIus
641 2130 747 2192 Mathe
772 2130 896 2192 solvere
920 2130 1015 2192 debet
1040 2130 1163 2191 eadem.

322 2255 399 2316 Item
433 2254 600 2317 Elizabeth
632 2267 746 2317 octavo
779 2254 831 2316 die
863 2270 971 2317 contra
1005 2274 1138 2316 uxorem
1169 2274 1219 2315 ser
1250 2254 1419 2317 Benedicti
1455 2276 1487 2317 se

214 2361 353 2423 secunda
378 2360 495 2442 jurabit
520 2362 551 2422 in
584 2381 633 2440 eo,
666 2362 754 2442 quod
787 2361 854 2442 ipsa
887 2381 944 2421 sua
976 2380 1049 2422 vasa
1074 2379 1140 2421 non
1173 2359 1390 2437 vendidisset;
1416 2361 1485 2442 ipsa

215 2487 295 2530 uxor
318 2467 481 2529 Benedicti
508 2468 608 2549 ipsam
633 2486 760 2529 causam
785 2467 825 2528 ad
849 2467 1000 2548 antiquos
1024 2465 1147 2546 judices
1170 2466 1358 2548 appellavit.

322 2572 399 2633 Item
422 2571 569 2634 Geninus
592 2572 714 2653 juratus
738 2585 847 2634 contra
873 2572 1053 2634 Janslinum
1078 2571 1157 2633 feria
1180 2587 1267 2634 sexta
1293 2592 1381 2633 nunc
1407 2594 1484 2635 ven·

216 2693 285 2739 tura
311 2678 528 2761 respondebit.

321 2784 399 2845 Item
424 2785 536 2846 Marko
561 2798 675 2847 octavo
700 2786 751 2846 die
778 2804 834 2868 per
860 2784 1063 2847 Clementem
1096 2798 1127 2846 et
1152 2785 1324 2847 Nicolaum
1349 2803 1484 2868 carpen-

215 2890 331 2951 tarium
356 2891 503 2952 atestabit
527 2911 621 2973 super
645 2911 695 2969 e0‚
719 2891 808 2972 quod
833 2892 900 2973 ipse
925 2911 1015 2952 suam
1040 2893 1173 2953 barbam
1198 2891 1393 2954 extraxisset.

322 2996 399 3057 Item
432 2997 547 3079 Vydko
584 2997 736 3079 antiquus
767 3010 878 3059 contra
910 2996 1103 3079 Dyonisium
1135 2997 1234 3059 tercio
1268 2997 1384 3058 citatus
1420 3018 1486 3059 non

216 3103 405 3184 comparuit.

286 3353 383 3429 Feria
411 3367 509 3430 sexta
538 3360 691 3448 proxima
720 3369 799 3431 aute
834 3360 957 3432 festum
985 3360 1075 3432 beati
1104 3358 1229 3432 Thome
1256 3363 1414 3449 apostoli.

322 3545 430 3607 Primo
456 3545 618 3608 Iohannes
643 3546 786 3608 Plahtich
819 3562 890 3629 post
923 3546 1038 3609 festum
1064 3546 1320 3629 Epiphaniarum
1355 3549 1482 3611 domini

216 3653 320 3735 prImo
345 3652 465 3732 judicio
491 3665 599 3714 contra
625 3653 794 3715 dominum
818 3654 989 3715 Nicolaum
1017 3654 1216 3715 sacerdotem
1242 3673 1297 3736 per
1324 3655 1481 3717 Mathiam

216 3757 318 3820 lilium
345 3759 452 3820 Heme
485 3759 524 3819 de
556 3758 724 3839 Petrouch‚
759 3758 935 3839 Georgium
962 3759 1001 3821 de
1026 3759 1220 3840 Tapolouch
1245 3774 1276 3822 et
1301 3760 1481 3823 Henricum

216 3864 387 3948 pellificem
412 3865 559 3926 atestabit
582 3885 677 3946 super
702 3886 751 3944 eo,
780 3865 868 3947 quod
900 3866 967 3947 ipse
992 3867 1119 3927 vincam
1153 3866 1252 3949 ipsius
1276 3867 1401 3929 domini
1428 3868 1485 3929 Ni·

217 3971 298 4032 colai
324 3971 372 4033 bis
401 3970 636 4052 ligonizaverit.

322 4077 399 4138 Item
422 4096 515 4139 causa
541 4077 716 4160 Mychaelis
740 4077 795 4139 tilii
826 4078 974 4139 Damiani
999 4091 1030 4139 et
1054 4077 1211 4139 Iohannis
1234 4078 1330 4159 jurati
1355 4093 1402 4142 est
1427 4101 1485 4164 per

216 4183 418 4245 Anthonium
442 4184 545 4245 Reniz
570 4184 609 4245 ad
634 4185 774 4266 primum
804 4185 960 4265 judicium
984 4199 1110 4267 recepta
1136 4187 1175 4247 ad
1200 4206 1323 4267 pacem.

321 4291 399 4352 Item
417 4311 510 4352 causa
529 4291 626 4352 Marci
649 4306 679 4353 et
703 4292 786 4354 Petri
803 4291 879 4354 dicti
897 4292 1009 4353 decani
1027 4305 1073 4354 est
1099 4313 1154 4374 per
1171 4306 1267 4354 testes
1283 4294 1323 4354 ad
1342 4295 1485 4376 primum

216 4396 372 4477 judicium
398 4411 523 4480 recepta
548 4397 587 4458 ad
616 4418 739 4480 pacem.

324 4503 401 4565 Item
426 4504 580 4565 Nicolaus
604 4505 821 4587 carpentarius
842 4525 899 4587 pro
924 4504 1069 4566 Iohanne
1097 4505 1241 4568 Plahtich
1267 4505 1404 4570 domino
1428 4510 1486 4570 Ni·

218 4611 311 4672 colao
335 4610 475 4693 plebano
500 4630 558 4693 pro
586 4631 735 4673 sexeum
769 4611 902 4672 dimidia
935 4612 1040 4693 pensis
1072 4612 1279 4674 denariorum
1312 4612 1488 4678 fideiubuit

322 4800 335 4830 '¹
354 4805 502 4854 Demetrius
521 4804 600 4870 episc.
619 4805 733 4870 praefuit
752 4804 813 4856 eccl.
832 4804 934 4869 zagrab.
954 4820 1012 4855 aun.
1036 4805 1218 4870 1376-1378.
