3404 5362
216 380 252 440 18
629 379 716 437 Anno
740 387 827 453 1375.
851 410 892 420 -
917 393 948 454 4.
971 374 1055 436 maii.

318 591 395 651 item
421 609 515 651 causa
533 588 662 650 Thome
686 588 803 649 sutoris
820 602 851 649 et
868 586 1045 670 Mychaelis
1062 586 1223 668 Damyani
1239 598 1287 647 est
1302 605 1361 668 per
1378 585 1479 648 Geor-

212 698 302 779 gium
326 711 357 758 et
382 697 517 757 luanum
542 694 581 757 ad
606 708 679 756 octo
704 694 772 755 dies
796 707 921 775 recepta
946 692 986 754 ad
1010 712 1136 775 pacem.

318 803 396 864 item
421 800 575 864 Nicolaua
599 812 708 862 contra
733 799 876 860 Blasium
900 811 1014 861 octavo
1039 799 1091 860 die
1116 797 1334 881 respondebit.

317 909 397 971 Item
422 908 610 989 Damyanua
634 918 744 969 contra
769 903 963 986 Gregorium
987 905 1130 967 secundo
1155 905 1269 967 citatus
1296 923 1364 967 non
1392 923 1481 966 com-

211 1015 328 1098 paruit.

318 1122 397 1183 Item
422 1118 621 1201 Dragozlaus
644 1131 758 1180 octavo
784 1118 835 1179 die
861 1130 971 1180 contra
992 1118 1151 1180 Marinum
1175 1116 1402 1200 comprobabit
1425 1136 1482 1199 per

214 1228 442 1305 Laurencium,
476 1226 640 1287 Andream
672 1224 811 1306 juratum
843 1238 874 1286 et
906 1222 1100 1305 Gregorium
1124 1224 1212 1306 quod
1245 1225 1351 1306 ipsum
1376 1222 1483 1284 verbis

213 1334 359 1415 turpibus
383 1332 547 1394 affecisset.

320 1440 398 1502 Item
424 1439 579 1501 Martinus
601 1437 690 1500 faber
707 1451 817 1500 contra
834 1437 1009 1499 Martinam
1034 1435 1269 1518 carpentarium
1293 1448 1410 1497 octavo
1429 1436 1481 1498 die

216 1547 436 1608 testimonium
465 1544 620 1627 producet
651 1564 708 1627 per
741 1543 933 1626 Dyonisium
965 1557 996 1604 et
1019 1543 1144 1604 Marsas
1175 1541 1263 1624 quod
1290 1541 1322 1603 in
1347 1542 1481 1623 legistro

218 1665 366 1714 contenta
392 1653 458 1734 ipse
483 1652 640 1713 Martinus
663 1650 799 1712 omnino
824 1649 964 1712 haberet.

321 1758 400 1818 item
425 1758 535 1818 Maren
561 1768 670 1818 contra
695 1756 858 1817 Andream
891 1754 1033 1818 secundo
1058 1755 1172 1817 citatus
1195 1774 1261 1817 non
1286 1756 1480 1838 comparuit.

322 1863 401 1925 Item
437 1863 545 1924 relicta
589 1863 749 1944 organiste
786 1875 894 1924 contra
930 1862 1066 1923 Elenam
1107 1862 1248 1923 secundo
1283 1861 1380 1923 citata
1416 1881 1481 1924 non

215 1971 405 2053 comparuit.

320 2076 397 2138 Item
424 2075 533 2138 Sibich
551 2089 661 2138 contra
678 2075 889 2137 Benedictum
914 2074 1059 2136 secundo
1075 2074 1188 2135 citatus
1205 2092 1270 2134 non
1288 2075 1482 2156 comparuit.

321 2181 399 2243 item
424 2182 602 2243 Laurencio
625 2180 692 2242 filio
725 2179 803 2241 luan
834 2181 960 2241 vineam
993 2179 1157 2260 quondam
1189 2179 1394 2241 Bremennak
1426 2179 1483 2241 ad·

215 2287 427 2368 judicavimus
450 2307 544 2349 causa
568 2286 780 2369 proximitatis
804 2301 959 2368 perpetuo
984 2284 1223 2366 possidendam.

320 2394 397 2454 item
423 2394 531 2455 relicta
555 2393 740 2454 Peterkonis
764 2405 874 2453 contra
899 2390 1075 2452 Francham
1101 2404 1214 2452 octavo
1239 2391 1291 2452 die
1316 2411 1350 2453 se
1368 2406 1482 2474 quarta

216 2499 430 2580 juramentum
455 2499 617 2580 deponere
642 2499 758 2576 debet;
784 2512 926 2560 ceterum
958 2512 1065 2559 autem
1092 2498 1178 2559 Luca
1211 2497 1295 2560 dicet
1319 2498 1482 2581 quidquid

216 2605 321 2667 scierit
344 2605 425 2666 inter
450 2605 535 2686 ipsos
559 2624 631 2666 curn
657 2605 774 2666 Arania
799 2604 931 2666 venerit.

321 2711 398 2773 Item
423 2724 536 2771 octavo
561 2710 612 2770 die
638 2710 707 2772 Elia
737 2710 853 2792 jurabit
876 2731 908 2771 se
933 2710 1093 2771 secundus
1119 2723 1229 2771 contra
1254 2709 1436 2774 Scortham.

322 2816 399 2877 Item
431 2835 525 2877 causa
556 2817 697 2897 magistri
732 2815 836 2898 Crispi
871 2831 901 2877 et
933 2817 1031 2877 Marci
1056 2815 1113 2877 filii
1146 2814 1283 2898 Mykech
1306 2814 1364 2877 filii
1398 2817 1482 2878 Leo·

217 2922 318 3001 nardi,
350 2942 413 3002 que
447 2923 575 2984 racione
607 2937 694 2984 ortus
725 2922 857 2984 vertitur
889 2922 970 2983 inter
1002 2923 1099 3004 ipsos,
1136 2934 1183 2984 est
1215 2941 1271 3002 per
1295 2921 1417 3003 juratos
1441 2922 1483 2984 ad

217 3042 290 3090 octo
315 3027 383 3090 dies
406 3045 588 3109 prorogata.

321 3133 422 3195 Nota!
440 3134 527 3215 quod
542 3133 618 3195 feria
635 3148 720 3197 sexta
738 3134 881 3216 proxima
896 3146 967 3215 post
983 3131 1097 3194 festum
1112 3134 1209 3195 Pasce
1225 3132 1350 3194 domini
1369 3134 1483 3196 Petrus

216 3238 301 3300 filius
325 3239 448 3301 Hrethk
474 3254 508 3301 ut
532 3240 642 3302 debuit
666 3259 760 3301 suum
792 3239 1009 3318 juramentum
1041 3240 1131 3302 XXV
1154 3240 1301 3322 personis
1324 3240 1480 3323 sollemp-

217 3345 298 3406 niter
329 3345 478 3427 deposuit
509 3346 541 3406 in
571 3359 677 3407 nostra
709 3345 841 3407 ecclesia
863 3346 1050 3427 parochiali,
1081 3346 1214 3408 ecclesia
1247 3345 1345 3407 sancti
1380 3347 1481 3408 Marci

220 3452 435 3532 ewangeliste,
461 3471 499 3513 eo
529 3452 639 3531 mod0‚
672 3451 758 3532 quod
779 3452 845 3533 ipse
871 3452 902 3512 in
938 3450 1024 3513 furtu
1048 3452 1198 3513 stacionis
1229 3451 1348 3514 Donati
1379 3452 1482 3514 nostri

153 3615 160 3626 ,
218 3557 357 3618 concivis
381 3558 507 3639 penitus
531 3571 562 3619 et
586 3578 641 3639 per
665 3558 773 3618 omnia
800 3558 952 3619 innocens
977 3570 1058 3619 esset
1082 3571 1112 3618 et
1136 3557 1301 3619 immunia.

287 3771 385 3847 Feria
412 3784 511 3847 sexta
539 3780 694 3866 proxima
721 3785 797 3868 post
821 3777 945 3849 festum
973 3777 1181 3850 lnvencionis
1211 3784 1328 3849 sancte
1357 3781 1481 3850 crucis.

764 3927 810 4009 (4-
834 3931 929 4006 masii·

323 4067 431 4129 Primo
456 4068 624 4130 Elizabeth
649 4083 757 4131 contra
783 4069 945 4131 Crendam
959 4070 1063 4152 primo
1089 4071 1181 4131 citata
1199 4089 1264 4131 non
1289 4071 1481 4152 comparuit.

323 4172 401 4234 item
425 4174 456 4235 in
483 4174 655 4254 quindenis
679 4175 824 4237 Andreas
848 4176 904 4237 Sib
922 4176 1029 4238 Mathe
1054 4175 1210 4237 sacerdoti
1234 4176 1264 4236 X
1280 4174 1350 4239 flor.
1368 4175 1481 4239 solvet.

324 4278 401 4341 item
432 4299 525 4342 causa
557 4281 697 4360 magistri
731 4282 855 4343 Berend
888 4295 918 4342 et
939 4282 1106 4344 Elizabeth
1139 4281 1257 4364 puelle,
1281 4282 1392 4344 relicte
1426 4303 1483 4365 per

219 4383 395 4445 Francham
420 4384 627 4464 aurifabrum,
652 4386 691 4446 ad
716 4401 788 4449 octo
813 4388 881 4450 dies
905 4402 952 4450 est
975 4401 1099 4471 recepta
1124 4387 1164 4450 ad
1189 4406 1312 4470 pacem.

323 4489 402 4551 item
435 4491 611 4553 Moderhen
644 4505 675 4553 et
707 4492 814 4554 Mathe
847 4506 955 4555 contra
985 4495 1159 4555 Martinam
1191 4492 1344 4555 claudum
1375 4495 1482 4576 primo

218 4594 304 4656 citati
329 4615 394 4657 non
423 4610 681 4678 comparuerunt.

324 4702 399 4764 Item
426 4703 581 4764 Martinus
597 4703 766 4782 Zequirich
790 4719 903 4767 octavo
921 4706 972 4767 die
990 4726 1046 4788 per
1070 4706 1261 4768 Mauricium
1287 4719 1318 4767 et
1343 4706 1481 4788 Stepha-

217 4826 296 4869 num
309 4821 417 4869 contra
427 4808 559 4869 luanum
571 4809 717 4870 atestabit
729 4830 822 4892 super
836 4832 885 4889 eo,
898 4813 986 4893 quod
1001 4813 1106 4895 ipsum
1119 4811 1295 4875 interficere
1309 4810 1478 4876 voluisset.
