3404 5362
1373 378 1376 383 -
1420 340 1482 434 349

323 530 400 593 ltem
425 551 519 593 causa
544 531 670 594 Nicolai
688 530 813 594 Odolas
833 544 864 593 et
888 532 987 594 Marci
1006 530 1128 594 Gemez
1152 545 1199 594 est
1222 552 1279 615 per
1303 531 1426 613 judices
1442 532 1481 594 ad

213 634 329 698 feriam
353 637 485 698 terciam
509 651 692 720 prorogata.

324 742 402 803 Item
419 741 603 804 Anthonius
620 742 723 804 Reniz
740 742 878 804 Johanni
896 741 963 804 filio
981 742 1121 805 Chemer
1138 756 1252 805 octavo
1269 743 1321 806 die
1338 744 1482 825 quinque

220 847 333 910 faretra
359 847 433 910 dare
459 848 566 929 debet,
595 849 662 931 ipse
695 861 802 910 autem
836 849 998 912 lohannes
1021 869 1103 932 opus
1135 851 1273 932 ipsarum
1299 851 1482 931 persolvere

217 953 333 1032 debet;
357 955 445 1036 quod
469 954 495 1016 si
521 955 589 1038 ipsa
621 955 735 1017 feretra
767 955 827 1016 sibi
852 956 927 1017 dare
959 969 1128 1035 recusaret,
1160 971 1274 1019 extunc
1298 975 1394 1039 super
1419 976 1484 1038 quo

220 1061 306 1123 idem
331 1061 495 1124 Johannes
518 1062 645 1142 jurabit,
671 1061 832 1144 predictus
856 1063 1041 1126 Anthonius
1065 1065 1125 1126 sibi
1149 1065 1319 1144 persolvet.

322 1186 400 1248 Item
436 1186 556 1248 Paulus
588 1184 749 1248 aurifaber
780 1201 890 1248 contra
922 1187 1090 1249 Marenum
1124 1186 1201 1249 leria
1235 1188 1331 1249 tercia
1367 1187 1484 1268 jurabit

211 1312 309 1376 super
333 1312 402 1354 uno
427 1292 558 1376 pellicio
589 1293 724 1375 antiquo
757 1308 914 1374 quantum
946 1294 1088 1374 precium
1122 1294 1222 1356 valuit
1245 1309 1321 1356 tunc
1353 1294 1483 1375 quando

220 1400 327 1482 ipsum
344 1419 470 1462 servare
495 1400 646 1477 dedisset,
670 1413 701 1462 et
723 1419 818 1481 super
835 1420 901 1481 quo
925 1400 1042 1481 jurabit
1065 1401 1227 1483 predictus
1252 1401 1402 1463 Marenus
1425 1402 1484 1464 sibi

214 1507 387 1588 persolvet.

320 1610 397 1674 ltem
429 1611 537 1674 Mathe
571 1610 698 1674 Crisani
729 1611 878 1674 Cristuno
911 1613 943 1675 in
976 1613 1149 1695 quindenis
1180 1626 1243 1675 tres
1275 1630 1306 1677 et
1338 1614 1481 1677 mediam

215 1738 332 1802 pensas
355 1719 508 1782 exsolvet.

264 1954 363 2030 Feria
390 1967 490 2031 sexta
518 1960 672 2048 proxima
701 1969 779 2031 ante
815 1959 939 2032 festum
968 1956 1203 2032 conversionis
1232 1962 1321 2033 beati
1351 1960 1447 2032 Pauli

771 2083 927 2173 apostoli.

323 2251 432 2314 Primo
458 2252 657 2315 Laurencius
680 2251 800 2333 juratus
831 2264 940 2313 contra
966 2251 1142 2313 Renarium
1168 2250 1244 2314 leria
1270 2253 1366 2314 tercia
1391 2271 1477 2313 nuno

215 2371 350 2420 ventura
374 2378 430 2441 per
454 2359 624 2421 Nicolaum
658 2358 707 2419 de‘
729 2356 897 2441 Lypouch,
929 2357 1122 2440 Dyonisium
1150 2371 1181 2420 et
1216 2359 1389 2420 Martinum
1414 2373 1479 2420 ate-

214 2463 309 2526 stabit
333 2484 427 2547 super
451 2484 501 2543 eo,
526 2464 615 2547 quod
639 2465 745 2547 ipsum
769 2464 856 2526 idem
881 2464 1039 2526 Renarius
1063 2463 1271 2526 fistulatorem
1295 2465 1480 2527 asseruisset

216 2583 247 2632 et
270 2589 347 2632 suos
370 2584 493 2633 ceteros
516 2572 630 2634 socios.

324 2693 402 2756 ltem
426 2695 608 2757 Alexander
632 2694 783 2777 quitquid
807 2715 903 2778 super
921 2695 1120 2778 Stephanum
1136 2692 1243 2755 rufum
1269 2693 1372 2756 filium
1392 2695 1481 2757 Pauli

220 2800 385 2863 concivem
411 2815 555 2864 nostrum
580 2802 779 2883 quesivisset‚
803 2802 943 2865 eundern
970 2801 1168 2884 Stephanum
1193 2802 1327 2864 omnino
1352 2815 1383 2862 et
1400 2815 1479 2864 tota·

217 2906 289 2969 liter
312 2907 474 2969 commisit
497 2921 528 2969 et
551 2907 692 2970 reddidit
715 2909 900 2991 expeditum
924 2922 955 2970 et
979 2908 1135 2990 quietum.

648 3339 745 3413 Feria
773 3348 872 3413 sexta
900 3361 1051 3432 sequens.

325 3513 401 3574 Item
426 3513 535 3574 relicta
562 3512 655 3574 Sorse
689 3523 797 3573 contra
823 3511 951 3573 Petrum
976 3509 1053 3572 feria
1077 3511 1172 3573 tercia
1200 3509 1417 3592 respondebit.

325 3619 401 3681 ltem
430 3618 576 3680 Thomas
599 3631 709 3680 contra
734 3617 820 3681 iwan
844 3617 949 3700 primo
973 3617 1086 3678 citatus
1111 3636 1176 3677 non
1200 3616 1389 3698 comparuit.

325 3725 401 3787 ltem
426 3745 520 3787 causa
545 3724 679 3787 voschar
703 3739 813 3786 contra
830 3724 944 3786 Paulas
967 3724 1007 3785 ad
1031 3737 1179 3785 octavum
1202 3722 1287 3785 diem
1305 3722 1343 3784 ad
1370 3742 1481 3806 pacem

219 3846 263 3894 est
292 3845 429 3912 recepta.

323 3937 401 4000 ltem
433 3957 526 4000 causa
558 3938 668 4000 Kuslco
701 3950 810 3999 contra
844 3936 1038 4019 Gregorium
1070 3937 1109 3997 ad
1142 3949 1292 3997 octavum
1325 3935 1411 3996 diem
1445 3935 1484 3996 ad

219 4063 330 4127 pacem
356 4058 403 4107 est
426 4059 564 4127 recepta.

326 4150 403 4212 item
420 4151 585 4234 Philippus
598 4149 716 4232 figulus
729 4165 838 4212 contra
852 4151 1048 4211 Zrebernam
1060 4147 1138 4210 feria
1152 4149 1250 4211 tercia
1266 4148 1483 4229 respondebit.

325 4256 402 4319 Item
427 4277 519 4319 causa
546 4258 672 4320 Mikech
697 4270 807 4319 contra
832 4257 961 4318 Petrum
990 4255 1124 4336 longum
1149 4255 1189 4316 ad
1215 4253 1326 4317 leriam
1351 4254 1483 4316 terciam

220 4376 266 4425 est
291 4376 474 4445 prorogata.

324 4468 400 4530 Item
437 4469 529 4531 vinea
567 4468 721 4531 Johannis
755 4468 836 4549 nigri
877 4467 1031 4529 institoris
1064 4466 1222 4548 Gregorio
1258 4466 1392 4528 voschar
1426 4485 1484 4549 pro

220 4589 343 4658 septem
367 4576 482 4637 marcis
506 4576 713 4639 denariorum
737 4588 768 4636 et
796 4574 920 4636 duabus
944 4573 1050 4656 pensis
1074 4586 1122 4635 est
1147 4586 1272 4636 statuta.

328 4681 405 4743 item
431 4683 568 4744 Jacobus
593 4681 730 4765 Kupych
755 4697 866 4744 contra
892 4679 1086 4761 Gregorium
1110 4679 1253 4741 secundo
1278 4678 1391 4741 citatus
1419 4698 1483 4741 non

219 4789 411 4871 comparuit.
