3404 5362
214 367 276 427 228
586 363 782 445 Ann01385.
808 401 848 412 -
872 382 923 430 20.
939 369 1091 443 januarii.

321 577 398 640 Item
422 598 517 641 causa
549 577 710 641 Pecohleb
741 592 850 641 contra
884 578 1101 660 Dragozlaum
1127 579 1167 640 ad
1200 577 1316 642 feriam
1356 582 1479 644 terciam

215 700 261 748 est
285 698 469 767 prorogata.

320 791 400 854 Item
417 792 605 854 Franciscus
620 791 705 854 hhus
729 792 829 853 Marci
846 792 984 854 condam
1008 790 1104 873 judex
1127 792 1215 854 iuxta
1238 807 1386 855 nostram
1405 793 1480 875 judi·

214 898 346 960 ciariam
370 897 632 960 commissionem
657 917 753 980 super
780 917 830 976 en,
854 899 954 960 tercio
978 918 1022 978 se,
1053 897 1143 981 quod
1168 899 1235 982 ipse
1268 912 1407 961 centum
1429 899 1481 962 flo-

214 1023 310 1066 renos
333 1005 402 1065 auri
426 1005 482 1066 lite
507 1004 715 1087 interipsum
738 1017 770 1066 et
793 1023 884 1066 suam
910 1003 1082 1086 conjugem
1110 1006 1150 1066 ab
1174 1024 1238 1066 una
1263 1018 1295 1067 et
1322 1005 1408 1068 inter
1430 1005 1481 1067 Di·

214 1112 328 1172 kauam
353 1130 479 1173 socrum
496 1130 587 1172 suam
610 1112 650 1172 ab
667 1110 765 1172 altera
782 1110 943 1193 pendente
967 1110 1169 1193 expendisset
1194 1123 1226 1172 et
1252 1111 1481 1192 consignasset

323 1217 401 1278 Item
426 1216 577 1278 dominus
606 1217 760 1278 Nicolaus
791 1216 961 1299 episcopus
984 1215 1215 1279 Corbauiensis
1246 1217 1280 1278 in
1312 1217 1482 1299 interemp-

213 1324 306 1385 cione
330 1323 416 1385 iwan
437 1322 495 1384 filii
521 1323 692 1405 Dragonya
717 1322 873 1384 innocens
897 1335 943 1384 est
960 1338 1104 1405 repertus
1128 1337 1159 1384 et
1184 1323 1341 1385 immunis
1366 1323 1398 1385 in
1418 1343 1482 1406 quo

214 1430 322 1492 relicta
349 1430 449 1512 ipsius
474 1429 559 1490 Iwan
583 1429 688 1511 ipsum
713 1429 882 1491 domiuum
911 1431 1098 1512 episcopum
1126 1430 1331 1512 inculpasset.

322 1536 401 1599 Item
426 1555 520 1597 causa
552 1535 703 1597 Peterlini
735 1550 845 1597 contra
878 1535 1058 1599 Iohannem
1084 1556 1187 1618 usque
1220 1536 1261 1598 ad
1285 1535 1401 1599 feriam
1424 1551 1482 1600 ter-

213 1643 295 1704 ciam
321 1657 368 1704 est
391 1657 574 1724 prorogata.
631 1655 635 1661 ’

320 1749 397 1810 Item
424 1748 502 1810 Scof
523 1747 600 1810 feria
631 1749 727 1811 tercia
759 1749 902 1811 secundo
933 1769 966 1810 se
991 1748 1119 1831 jurabit,
1152 1750 1242 1832 quod
1266 1750 1336 1832 ipse
1364 1751 1481 1812 Lucam

214 1856 378 1918 medicum
403 1874 469 1917 non
495 1855 713 1937 vituperasset.

320 1962 399 2024 Item
418 1962 573 2023 Martinus
589 1959 678 2022 faber
694 1981 751 2043 per
770 1975 864 2022 testes
880 1959 941 2022 hoc
958 1962 1115 2040 atestabit,
1133 1961 1224 2043 quod
1245 1962 1306 2025 sibi
1326 1963 1481 2045 Panerlyn

214 2088 309 2130 nosar
333 2068 393 2129 sibi
418 2068 582 2149 proximus
606 2065 726 2144 fuisset,
751 2064 828 2127 seria
853 2067 961 2130 tercia.

320 2175 399 2236 Item
424 2173 572 2256 Mychael
602 2185 703 2234 sartor
737 2173 837 2234 tercio
868 2192 901 2235 se
925 2171 1003 2234 feria
1036 2173 1133 2235 tercia
1165 2193 1262 2257 super
1294 2194 1334 2237 eo
1360 2175 1482 2256 jurabit,

213 2281 302 2364 quod
327 2281 393 2362 ipse
418 2280 580 2361 quendam
605 2297 725 2361 panum
757 2291 843 2340 extra
865 2297 931 2340 non
961 2279 1102 2342 dedisset
1127 2300 1186 2342 nec
1219 2299 1297 2342 cum
1323 2301 1383 2343 suo
1406 2281 1482 2342 scitu

214 2402 260 2449 est
283 2400 462 2468 receptum.

356 2620 453 2694 Feria
481 2631 579 2693 sexta
607 2625 763 2710 proxima
791 2630 869 2712 post
896 2621 1019 2693 festam
1046 2624 1157 2694 sancti
1186 2619 1361 2697 Anthonii.

721 2771 789 2853 (20.
804 2772 978 2860 januarii).

320 2914 399 2976 Item
413 2915 601 2976 Dominicus
614 2930 725 2977 contra
744 2913 937 2997 Gregorium
950 2917 1056 3000 primo
1075 2916 1190 2978 citatus
1210 2936 1276 2978 non
1290 2920 1483 3001 comparuit.

320 3022 399 3083 Item
431 3041 524 3082 causa
556 3021 683 3082 Andree
716 3038 827 3084 contra
860 3020 1038 3104 Georgium
1070 3022 1111 3083 ad
1136 3020 1249 3084 feriam
1280 3023 1421 3087 terciam
1442 3024 1481 3086 ad

214 3147 327 3210 pacem
351 3142 397 3189 est
421 3144 558 3210 recepta.

320 3235 397 3296 Item
429 3255 523 3297 causa
548 3233 680 3316 Georgii
705 3248 814 3297 contra
840 3235 924 3296 Iwan
948 3235 988 3297 ad
1013 3248 1163 3297 octavum
1188 3234 1275 3296 diem
1300 3233 1341 3296 ad
1372 3254 1483 3318 pacem

215 3354 262 3401 est
286 3355 423 3422 recepta.

320 3447 397 3508 Item
421 3445 568 3508 Zekirich
592 3461 702 3509 contra
726 3447 811 3508 Iwan
836 3445 913 3509 feria
936 3447 1033 3509 tercia
1057 3444 1276 3529 respondebit.

320 3553 398 3615 Item
416 3553 502 3633 Span
527 3571 600 3613 cum
618 3553 737 3615 Jacobo
754 3551 892 3635 pellifice
909 3572 1010 3635 usque
1027 3550 1140 3614 feriam
1158 3552 1290 3615 terciam
1317 3554 1484 3616 racionem

215 3659 297 3721 inter
320 3679 352 3720 se
378 3657 482 3721 facere
506 3659 635 3722 debent.

320 3764 398 3826 Item
434 3763 511 3827 Iuan
548 3764 670 3848 Lasych
702 3778 812 3827 contra
846 3764 1048 3826 Anthonium
1082 3763 1225 3827 secundo
1257 3764 1375 3828 citatus
1416 3787 1481 3829 non

214 3871 404 3953 comparuit.

320 3976 399 4039 Item
423 3997 517 4038 causa
549 3975 661 4039 famuli
694 3978 836 4060 magistri
867 3976 1023 4039 Iohannis
1053 3990 1165 4040 contra
1198 3976 1340 4040 famulos
1365 3979 1485 4042 Cusser

212 4084 253 4146 ad
278 4082 392 4146 feriam
415 4083 547 4144 terciam
572 4096 618 4144 est
641 4097 824 4166 prorogata.

319 4208 399 4270 Item
423 4208 511 4289 quod
535 4208 611 4289 quia
635 4223 729 4272 testes
753 4229 808 4291 per
832 4208 1007 4270 Martinum
1025 4206 1153 4270 fabrum
1176 4206 1339 4290 producti,
1365 4229 1405 4270 ex
1429 4229 1484 4271 au·

214 4314 284 4377 ditu
317 4314 487 4397 PauerIyni
520 4314 580 4376 sibi
611 4328 784 4396 cognatum
821 4313 918 4376 fuisse
949 4326 1023 4376 sunt
1053 4313 1209 4391 attestati;
1240 4312 1316 4376 ideo
1344 4312 1484 4377 fundum

213 4420 358 4483 eiusdem
383 4419 522 4483 Iohanni
553 4420 709 4482 sacerdoti
741 4420 782 4483 ad
806 4420 981 4483 emendum
1012 4419 1251 4501 judicaverunt;
1278 4419 1347 4503 ipse
1374 4435 1483 4484 autem

213 4526 370 4588 Martinus
393 4526 495 4608 ipsam
519 4546 648 4588 causam
672 4526 713 4588 ad
737 4527 887 4608 antiquos
910 4525 1032 4607 judices
1056 4524 1243 4608 appellavit.

318 4632 398 4694 Item
428 4632 576 4716 Peterlyn
608 4633 696 4695 solus
730 4653 825 4715 super
857 4652 896 4694 eo
927 4631 1056 4714 jurabit,
1091 4629 1180 4713 quod
1212 4629 1280 4713 ipse
1317 4631 1482 4713 quandam

213 4758 356 4800 mensam
380 4753 410 4800 et
443 4739 597 4821 quasdam
631 4738 738 4802 caules
770 4759 843 4801 cum
873 4739 970 4801 doleo
1002 4757 1067 4800 non
1100 4730 1298 4800 vendidisset
1325 4758 1384 4801 seu
1409 4758 1483 4802 con·

212 4858 366 4907 cessisset.
