3404 5362
531 331 619 386 Anno
642 324 734 404 1378.
760 362 800 371 -
826 342 876 405 14.
900 329 981 388 mari.
1327 343 1385 405 129

224 536 300 597 Item
325 556 421 598 causa
447 536 600 619 Stephani
624 539 724 599 Pazar
748 552 796 600 est
822 538 862 599 ad
887 551 961 601 octo
986 538 1054 600 dies
1076 551 1259 621 prorogata.

223 643 300 704 Item
324 644 466 725 quedam
490 644 607 706 mulier
631 665 664 706 se
688 645 785 706 tercia
810 658 924 706 octavo
950 644 1003 706 die
1027 644 1145 725 jurabit
1169 659 1281 707 contra
1306 643 1388 704 Her·

92 751 116 792 Γ
118 738 217 809 icum
242 747 426 830 pellificem,
449 749 539 831 quod
564 750 632 832 ipsa
656 750 783 812 nullum
807 750 940 833 peplum
966 749 1110 813 iurasset.

222 853 301 915 Item
326 854 511 917 Anthonius
534 871 623 917 sutor
647 856 775 918 cuidam
809 855 937 918 mulieri
969 856 1204 938 quinquaginta
1235 853 1387 915 denarios

85 960 281 1022 exsolvere
306 960 413 1023 debet.
546 1035 548 1044 Ι

221 1067 300 1128 Item
325 1066 465 1148 quedam
490 1067 607 1128 mulier
631 1065 842 1128 Radkouicha
867 1087 900 1128 se
917 1068 1014 1129 tercia
1040 1067 1157 1146 jurabit
1187 1082 1301 1131 octavo
1325 1069 1389 1149 die,

78 1173 200 1251 quod
227 1173 295 1252 ipsa
319 1173 409 1233 nulla
434 1171 486 1234 fila
513 1172 621 1235 uxoris
645 1171 774 1233 Andree
799 1191 865 1233 non
890 1170 1053 1237 furaverit.

222 1278 302 1339 Item
335 1297 430 1339 causa
464 1277 616 1360 Symonis
649 1292 680 1338 et
711 1277 837 1339 Nicolai
870 1291 916 1339 est
940 1298 995 1360 per
1027 1278 1169 1359 judicem
1202 1279 1241 1341 ad
1276 1279 1388 1341 feriam

77 1399 234 1446 sextam
261 1403 346 1447 nunc
370 1396 538 1444 venturam
566 1396 749 1464 prorogata.

222 1490 302 1550 Item
328 1488 509 1570 Stephanus
533 1488 749 1549 mercenarius
781 1502 891 1550 contra
916 1488 1092 1571 Georgium
1126 1490 1265 1573 juratum
1290 1511 1384 1552 suum

82 1611 136 1659 ut
167 1596 289 1657 debuit
311 1594 522 1676 solempniter
538 1613 611 1655 cum
636 1595 702 1655 suis
718 1593 977 1675 conjuratoribus
990 1595 1139 1677 deposuit
1155 1595 1383 1676 juramentum.

219 1701 299 1762 ltem
317 1699 574 1782 adjudicavimus
590 1699 811 1779 decernentes,
831 1701 918 1782 quod
938 1701 1012 1783 quia
1034 1702 1219 1763 Anthonius
1235 1715 1323 1764 sutor
1340 1716 1387 1766 est

83 1806 132 1870 in
163 1807 285 1870 multis
308 1806 498 1867 criminibus
514 1805 718 1887 vituperiosis
741 1820 771 1866 et
795 1806 1001 1886 clamoribus,
1018 1809 1210 1870 verberibus
1233 1823 1387 1891 repertus,

82 1933 190 1996 ergo
217 1913 296 1973 dum
328 1912 470 1994 primum
495 1913 527 1972 in
552 1911 711 1973 similibus
740 1928 883 1994 repertus
916 1912 1011 1975 luerit
1035 1913 1074 1975 de
1102 1915 1230 1976 civitate
1255 1916 1388 1997 turpiter

80 2033 283 2100 tamquam
307 2016 437 2081 infamis
461 2018 650 2099 expellatur.

221 2125 301 2185 ltem
325 2123 435 2185 relicta
448 2123 526 2184 Wllt
551 2124 820 2186 molendinatoris
835 2125 953 2207 jurabit
977 2139 1090 2188 octavo
1114 2125 1167 2187 die
1191 2126 1270 2205 sola,
1295 2127 1385 2211 quod

81 2230 177 2315 ipsa
217 2229 383 2313 quandam
419 2227 653 2291 fideiussoriam
688 2231 818 2312 propria
857 2250 930 2292 cum
963 2233 1100 2314 pecunia
1135 2251 1193 2314 pro
1234 2231 1380 2294 Johanne

80 2337 313 2418 persolverit.

219 2443 299 2506 ltem
325 2443 477 2507 Chrenda
500 2457 609 2505 contra
634 2443 720 2504 Mike
745 2443 851 2525 primo
883 2443 996 2505 citatus
1026 2462 1091 2505 non
1116 2443 1306 2526 comparuit.

220 2550 298 2613 Item
325 2551 389 2612 Res
413 2564 522 2613 contra
548 2549 724 2610 Renarium
745 2549 849 2632 primo
874 2550 987 2611 citatus
1011 2568 1075 2610 non
1100 2550 1291 2632 comparuit.

219 2655 297 2717 ltem
329 2656 514 2718 Anthonius
544 2654 666 2736 juratus
698 2655 836 2717 Johanni
868 2653 936 2718 filio
967 2655 1111 2717 Herman
1142 2657 1173 2717 in
1206 2655 1380 2736 quindenis

80 2762 283 2839 pecuniam
297 2762 432 2824 reddere
449 2761 556 2840 debet,
570 2780 628 2843 pro
646 2774 765 2843 quanta
781 2762 917 2844 pecunia
931 2762 1068 2824 redimet
1080 2763 1228 2844 pignora,
1246 2775 1277 2824 et
1294 2741 1381 2824 idem

80 2864 109 2923 J
116 2868 276 2931 ohannes
299 2888 355 2929 sua
380 2868 515 2950 pignora
540 2867 673 2929 reddere
698 2880 834 2929 tenetur.

219 2975 298 3036 ltem
322 2974 508 3036 Anthonius
531 2974 633 3035 Reniz
658 2973 797 3035 Johanni
822 2973 962 3036 Chemer
993 2994 1047 3035 sex
1078 2993 1197 3059 pensas
1222 2987 1253 3035 et
1276 2975 1306 3035 X
1329 2974 1385 3035 de·

78 3081 219 3143 uarios
243 3080 276 3140 in
301 3079 474 3161 quindenis
498 3079 663 3141 exsolvere
687 3079 793 3141 debet.

218 3185 296 3247 ltem
322 3185 399 3267 quia
423 3185 584 3266 Georgius
608 3201 717 3246 contra
749 3184 926 3268 Symonem
959 3185 1141 3248 carnificem
1164 3186 1288 3266 justicie
1314 3205 1380 3248 non

84 3293 231 3370 paruit,
256 3311 332 3373 ergo
356 3293 389 3354 in
414 3291 550 3354 falsitate
575 3292 737 3354 remansit.

217 3398 296 3460 Item
321 3398 386 3459 Res
402 3396 531 3459 Genino
556 3398 588 3458 in
613 3396 786 3478 quindenis
803 3398 832 3458 X
848 3417 971 3459 marcas
987 3399 1131 3460 exsolvet
1154 3417 1212 3481 pro
1236 3417 1287 3478 eu,
1304 3399 1382 3480 quia

86 3498 219 3586 ipsum
237 3504 343 3566 verbis
358 3503 506 3585 turpibus
522 3502 678 3566 affecisset
702 3516 732 3565 et
749 3503 869 3584 judicio
886 3524 953 3565 non
969 3505 1085 3586 paruit,
1102 3524 1179 3588 ymo
1196 3524 1229 3567 se
1247 3505 1382 3567 omnino

87 3626 119 3670 a
149 3609 234 3673 lacie
258 3608 336 3690 juris
360 3610 550 3671 absentavit.

217 3717 297 3779 ltem
323 3716 504 3799 Stephanus
529 3716 673 3799 Georgio
698 3715 801 3798 jurato
833 3736 928 3778 suum
953 3737 1074 3779 annum
1099 3717 1197 3779 debet
1220 3718 1382 3799 complere

95 3837 141 3885 et
163 3821 304 3884 fideliter
328 3822 500 3885 deservire.

136 4040 232 4115 Feria
263 4050 360 4115 sexta
390 4044 544 4132 proxima
573 4051 648 4131 post
686 4042 810 4113 festum
847 4043 936 4113 beati
965 4042 1129 4130 johannis
1157 4041 1354 4129 predictum.

653 4210 715 4273 (14.
739 4197 831 4262 maii).

217 4335 326 4397 Primo
352 4334 513 4416 Georgius
530 4335 619 4396 faber
642 4349 753 4397 contra
771 4335 934 4397 Jaklinum
959 4349 1073 4397 octavo
1091 4335 1143 4396 die
1160 4336 1309 4397 atestabit
1325 4355 1382 4417 per

113 4435 245 4504 luanum
271 4455 302 4503 et
326 4440 521 4522 Gregorium
553 4461 648 4523 super
681 4460 730 4518 eo,
762 4441 851 4522 quod
876 4441 980 4523 ipsum
1013 4440 1188 4503 interficere
1213 4441 1377 4506 voluisset.

215 4548 294 4609 ltem
312 4547 486 4609 Mauricius
503 4560 613 4608 contra
631 4547 829 4629 Stephanum
848 4548 952 4628 primo
971 4548 1084 4610 citatus
1102 4567 1167 4610 non
1186 4548 1377 4630 comparuit.

215 4653 294 4716 ltem
319 4672 413 4715 causa
437 4652 593 4735 Gyurgelt
618 4667 649 4715 et
673 4654 790 4715 Jaklini
825 4668 871 4716 est
898 4674 955 4736 per
986 4668 1082 4717 testes
1104 4653 1143 4716 ad
1167 4654 1309 4736 primum
1333 4654 1381 4737 ju·

118 4755 231 4822 dicium
255 4774 382 4841 recepta
407 4759 446 4820 ad
471 4778 594 4841 pacem.

1255 4869 1274 4930 9
