3404 5362
214 367 278 461 [74

619 349 706 404 Anno
729 342 821 420 1382.
846 378 889 388 —
912 359 962 421 23.
987 346 1067 404 maii.

514 454 603 461 .-.-...
636 454 643 461 ,
1000 451 1189 456 ..-——.—
1227 449 1282 455 -—
1299 447 1452 454 -—-—-
1467 447 1478 453 -

320 561 398 622 item
424 558 625 640 Margaretha
649 559 793 620 saliveua
819 571 928 619 contra
946 555 1126 636 Georgium
1150 555 1315 616 literatum
1339 553 1481 616 secundo

214 668 309 728 citata
333 686 398 729 non
423 665 614 747 comparuit.

320 773 398 834 item
413 771 498 832 iwan
511 771 670 832 Wrouich
685 783 794 832 contra
809 768 916 831 Lachk
930 767 1073 829 secundo
1083 767 1197 827 citatus
1210 785 1275 827 non
1290 765 1482 846 comparuit.

322 878 400 939 Item
433 877 600 959 Mykusius
630 876 768 938 condam
801 875 896 956 judex
929 887 1044 935 octavo
1076 873 1128 934 die
1153 891 1249 954 super
1280 891 1320 932 eo
1352 870 1482 950 jurabit,

214 985 303 1067 quod
328 985 460 1065 quidem
486 1003 588 1063 equus
617 981 783 1043 cuiusdam
815 980 998 1060 iobagionis
1032 978 1185 1060 Stephani
1219 976 1351 1058 Chupin
1378 976 1482 1038 vocati

213 1105 345 1174 propter
368 1090 495 1172 culpam
520 1108 611 1149 suam
636 1102 782 1149 mortuus
806 1085 912 1148 fuerit.

323 1198 400 1258 Item
426 1194 589 1256 Johannes
613 1193 743 1273 jobagio
760 1192 919 1274 Delasych
945 1205 1060 1253 octavo
1077 1191 1130 1251 die
1154 1203 1243 1250 sexto
1261 1208 1293 1249 se
1317 1207 1482 1270 supereo,

215 1303 303 1385 quod
328 1303 395 1384 ipse
420 1301 452 1361 in
477 1300 567 1361 totali
593 1300 724 1361 accione
748 1313 779 1360 et
802 1298 1020 1380 acquisicione
1054 1297 1180 1359 domini
1213 1296 1360 1357 Barnabe
1387 1314 1483 1356 cano·

216 1409 279 1471 nici
306 1408 461 1468 innocens
484 1406 524 1467 sit
548 1420 579 1468 et
603 1405 724 1468 existat.

323 1514 400 1576 Item
418 1514 550 1574 domina
567 1512 675 1573 relicta
693 1511 848 1573 Johannis
865 1510 905 1571 de
923 1509 1097 1571 Maroucha
1115 1508 1290 1590 quamdam
1309 1507 1483 1569 clamidem

216 1635 331 1684 octavo
356 1621 406 1680 die
432 1638 540 1680 coram
565 1619 658 1679 nobis
682 1631 819 1679 statuere
843 1616 895 1678 vel
926 1616 1148 1678 testimonium
1180 1615 1213 1676 in
1239 1634 1278 1675 eo
1303 1614 1482 1696 producere

216 1726 323 1804 debet,
347 1725 435 1806 quod
461 1725 562 1806 ipsam
597 1723 750 1784 Nicolaus
781 1722 867 1784 filius
899 1722 1022 1784 Mareni
1047 1721 1086 1782 ad
1117 1720 1344 1783 redimendum
1378 1719 1482 1801 ipsam

214 1832 386 1894 clamidem
412 1830 603 1892 amonuerit.

320 1937 398 1999 Item
424 1938 514 1998 Luka
538 1937 676 1997 condam
700 1935 794 2015 judex
817 1935 848 1996 in
873 1934 1072 2016 aquisicione
1105 1934 1268 1995 Kuskonis
1298 1932 1484 2014 jobagionis

214 2044 369 2126 Stephani
402 2042 538 2125 Chupur
569 2044 723 2104 innocens
747 2055 793 2103 est
823 2056 978 2123 repertus,
1003 2061 1101 2123 quam
1125 2041 1359 2122 aquisicionem
1383 2041 1416 2102 in
1442 2059 1481 2101 eo

213 2150 375 2233 predictus
394 2150 505 2210 Kusko
522 2168 617 2229 super
634 2149 739 2230 ipsum
757 2149 893 2225 Lukam,
910 2147 999 2228 quod
1017 2149 1084 2229 ipse
1103 2148 1192 2208 Luka
1210 2146 1314 2208 eidem
1334 2146 1482 2208 Kuskoni

214 2270 362 2337 exparte
389 2254 533 2335 Dragech
557 2273 737 2334 congruens
761 2253 915 2332 judicium
941 2272 1007 2314 non
1032 2251 1165 2315 fecisset.

322 2361 400 2422 Item
426 2360 542 2443 Gyuan
567 2375 681 2421 octavo
706 2359 758 2420 die
783 2379 878 2441 super
907 2380 957 2438 e0,
983 2360 1070 2441 quod
1098 2359 1164 2440 ipse
1188 2358 1383 2420 tricesimam
1409 2371 1483 2419 ante

213 2467 387 2528 terminum
406 2486 471 2527 non
489 2478 693 2547 acceptasset,
718 2484 775 2525 nec
801 2465 940 2526 Johanni
957 2464 1025 2527 filio
1050 2464 1227 2547 Mychaelis
1247 2463 1279 2524 in
1299 2464 1367 2546 ipsa
1390 2464 1484 2524 trice·

213 2573 294 2633 sima
319 2572 432 2652 viginti
457 2572 526 2634 flor.
552 2573 684 2653 dampni
710 2571 876 2649 intullerit,
901 2571 1027 2651 jurabit.
1438 2616 1448 2645 .

320 2677 399 2738 Item
422 2677 511 2758 quod
537 2678 612 2758 quia
637 2677 802 2738 Dionisius
826 2676 1013 2739 Carintinus
1033 2675 1132 2754 faber,
1157 2674 1298 2737 famulus
1322 2674 1482 2737 Hermani

215 2781 296 2844 fabri
321 2783 353 2843 in
378 2783 521 2863 quodam
543 2782 732 2864 furti(ci)nio
757 2795 804 2844 est
827 2797 982 2864 repertus,
1013 2782 1088 2843 ideo
1113 2795 1200 2844 extra
1224 2782 1388 2843 civitatem
1413 2800 1483 2841 ver·

216 2888 318 2950 berari
343 2887 439 2949 debet
463 2890 516 2967 ita,
542 2889 630 2971 quod
656 2908 822 2970 nunquam
848 2890 880 2950 in
911 2889 1073 2950 civitatem
1099 2889 1215 2950 intrare
1240 2887 1360 2969 possit;
1385 2888 1411 2948 si
1435 2908 1484 2949 re·

215 2995 392 3078 prehensus
416 2993 511 3056 fuerit
536 2996 567 3056 in
582 2996 709 3058 civitate
727 2996 778 3057 vel
803 2996 871 3057 eius
889 2996 1060 3072 territorio,
1085 3009 1161 3056 tunc
1178 2995 1217 3056 de
1244 2994 1314 3076 ipso
1338 2995 1484 3057 vindicta

218 3113 420 3181 sumpmatur
443 3101 483 3161 ad
508 3101 781 3183 suspendendum.

322 3207 401 3267 Item
421 3206 529 3290 Maiya
554 3222 664 3269 contra
690 3209 834 3269 Marcum
858 3205 962 3268 tilium
987 3207 1136 3268 Damiani
1155 3207 1253 3268 tercio
1279 3207 1393 3269 citatus
1418 3227 1484 3269 uon

218 3314 409 3394 comparuit.

323 3420 401 3480 Item
426 3420 540 3501 Jaklyn
566 3433 676 3481 contra
708 3418 893 3480 Ladislaum
926 3421 1009 3481 tular
1041 3433 1155 3481 octavo
1180 3418 1232 3480 die
1266 3419 1486 3501 respondebit.

373 3638 470 3711 Feria
498 3646 597 3711 sexta
625 3641 778 3729 proxima
808 3646 886 3710 ante
913 3638 1036 3710 festum
1065 3639 1314 3709 Penthecostes.

759 3806 821 3868 (23.
845 3792 936 3858 maii).

322 3931 401 3992 item
426 3931 534 3992 Endre
559 3929 643 3992 filius
668 3931 794 3992 iwanka
819 3945 929 3992 contra
946 3932 1076 3993 Petrum
1101 3931 1204 3993 filium
1229 3932 1313 3992 ltvan
1339 3933 1484 3995 secundo

216 4038 329 4099 citatus
353 4057 418 4098 non
448 4037 638 4117 comparuit.

324 4143 401 4204 Item
434 4144 546 4206 Petrus
577 4144 695 4225 longus
726 4159 827 4204 sartor
859 4163 960 4225 usque
993 4143 1174 4224 quindenas
1210 4144 1342 4207 domine
1374 4145 1485 4208 relicte

219 4249 325 4309 Endre
358 4249 396 4309 de
428 4249 506 4310 turri
539 4264 569 4310 et
601 4248 674 4310 filiis
706 4249 770 4309 suis
803 4264 931 4310 centum
966 4251 1200 4331 quinquaginta
1232 4270 1285 4311 sex
1317 4250 1387 4314 flor.
1421 4253 1484 4314 sol-

218 4374 292 4415 vere
317 4355 422 4418 debet.

323 4460 402 4521 ltem
427 4461 589 4521 Fabianus
612 4461 756 4522 literatus
788 4474 897 4522 contra
931 4461 1111 4522 Barnabam
1144 4461 1343 4523 sacerdotem
1376 4462 1482 4545 primo

220 4566 333 4627 citatus
356 4586 423 4627 non
447 4568 636 4648 comparuit.

320 4672 398 4733 Item
434 4673 598 4734 iohannes
633 4672 728 4734 irater
764 4672 905 4733 custodis
945 4687 1054 4734 contra
1096 4673 1312 4735 Laurencium
1341 4673 1481 4754 juratum

216 4780 320 4862 primo
345 4780 458 4841 citatus
482 4799 547 4841 non
573 4780 763 4861 comparuit.
