3404 5362
523 295 608 350 Anno
631 305 719 369 1375.
747 328 786 336 —
813 290 863 354 18.
888 297 968 355 maii.
1333 316 1371 378 23

210 502 290 564 Item
317 503 402 566 Vido
425 517 527 565 sartor
551 518 661 565 contra
684 504 824 584 judicem
850 506 878 567 X
903 507 1017 568 marcis
1046 522 1093 569 est
1116 508 1291 570 convictus.

211 608 290 671 Item
315 610 440 671 Matina
463 624 573 672 contra
599 609 816 692 Dragozlaum
844 611 884 672 ad
909 612 1173 696 respondendum
1197 634 1262 675 non
1287 615 1374 676 venit

109 734 211 796 neque
235 716 334 778 misit.

211 821 291 883 Item
315 822 471 884 Martinus
494 822 533 883 de
555 822 703 884 Zanabor
726 839 836 886 contra
854 826 1008 888 Mathiam
1033 839 1175 889 sutorem
1200 827 1305 909 primo
1331 829 1373 888 ci-

110 939 188 989 tatus
214 947 278 988 non
305 929 494 1011 comparuit.

210 1033 289 1095 Item
316 1034 427 1097 Gozka
452 1051 561 1098 contra
588 1037 681 1098 Iuech
705 1037 848 1099 secundo
880 1037 974 1099 citata
999 1057 1064 1099 non
1089 1039 1282 1120 comparuit.

210 1159 289 1220 Item
315 1161 452 1222 Jacobus
475 1160 560 1223 filius
584 1162 695 1224 Jacobi
720 1176 829 1224 contra
860 1163 1013 1225 Mahnam
1039 1163 1143 1244 primo
1168 1164 1282 1226 citatus
1306 1184 1371 1225 non

112 1265 295 1347 comparuit.
1107 1265 1110 1269 ’

210 1372 290 1433 Item
315 1392 408 1435 causa
434 1373 510 1434 iuan
536 1388 567 1435 et
584 1372 738 1434 Pozmalo
760 1386 806 1435 est
822 1392 879 1455 per
897 1375 1025 1436 Petrum
1049 1375 1090 1436 ad
1115 1390 1188 1438 octo
1213 1375 1282 1436 dies
1298 1395 1371 1458 pro-

112 1490 215 1558 rogata
239 1477 281 1540 ad
305 1498 429 1561 pacem.

210 1585 290 1647 item
327 1584 480 1648 Clemens
514 1599 603 1648 sutor
640 1586 789 1667 quitquid
833 1586 972 1668 quesivit
1005 1607 1102 1669 super
1138 1587 1263 1649 Malech
1300 1608 1370 1671 per·

111 1691 188 1752 didit
212 1692 334 1754 omnia.

262 1927 362 2003 Faria
389 1937 487 2002 sexta
517 1934 670 2020 proxima
698 1938 776 2003 ante
808 1933 931 2004 testum
960 1938 1076 2005 sancte
1103 1929 1211 2006 Elene.

644 2098 708 2177 (18.
733 2101 828 2177 mair).

209 2260 319 2321 Primo
343 2260 421 2321 luan
446 2256 585 2322 carnifex
618 2271 728 2320 contra
761 2259 891 2320 Petrum
916 2259 1022 2340 primo
1054 2259 1168 2321 citatus
1192 2280 1257 2322 non
1282 2281 1370 2323 com-

96 2367 218 2448 paruit.

210 2472 289 2533 Item
302 2469 451 2555 Mychael
465 2471 625 2553 Damyani
643 2485 753 2533 contra
767 2472 936 2534 Miclinum
954 2486 1068 2535 octavo
1082 2473 1134 2535 die
1151 2473 1369 2555 respondebit.

209 2579 289 2640 ltem
313 2591 427 2640 octavo
452 2576 504 2640 die
530 2578 642 2638 Kusko
666 2597 723 2660 per
744 2578 944 2660 Mychaelem
969 2578 1119 2659 juratum,
1144 2579 1313 2641 luaninum
1339 2594 1370 2641 et

95 2684 305 2767 Stephanum
330 2681 423 2746 Cifus
454 2683 679 2765 comprobabit
711 2699 820 2746 contra
849 2685 968 2746 Mixam
1002 2685 1090 2766 quod
1123 2685 1162 2747 de
1186 2685 1256 2767 ipso
1280 2684 1369 2766 justi-

94 2793 185 2853 ciam
209 2790 402 2873 postulasset
425 2803 498 2852 ante
523 2789 693 2851 dominum
723 2791 883 2853 Briccium
904 2790 944 2853 de
969 2791 1111 2872 quodam
1136 2791 1256 2870 debito,
1280 2791 1368 2872 quod

91 2898 163 2960 sibi
187 2897 323 2960 minime
347 2896 472 2959 solvere
497 2909 645 2959 curasset.

209 3021 287 3082 Item
312 3020 496 3082 Anthonius
518 3033 606 3082 sutor
628 3033 738 3081 contra
764 3020 910 3083 Gozkam
935 3033 1049 3082 octavo
1074 3019 1126 3083 die
1151 3020 1368 3101 respondebit.

208 3128 287 3189 Item
312 3126 428 3189 ancilla
446 3127 575 3188 Martini
595 3127 742 3207 Hungari
759 3127 858 3188 nostri
878 3126 1019 3188 concivis
1035 3145 1128 3187 suurn
1152 3125 1368 3207 juramentum

94 3250 139 3298 ut
163 3234 327 3297 debuisset
345 3233 507 3316 deponere
525 3252 590 3294 non
607 3233 739 3311 curavit,
756 3253 832 3314 ergo
849 3233 1045 3314 ubicumque
1063 3231 1298 3315 aprehendetur
1322 3253 1368 3294 se·

91 3341 247 3404 cundum
272 3340 321 3421 jus
346 3338 482 3400 civitatis
505 3339 665 3420 punietur.

208 3447 288 3510 ltem
312 3459 427 3508 octavo
459 3445 511 3506 die
544 3445 615 3506 Elia
640 3443 801 3506 aurifaber
832 3456 942 3506 contra
966 3444 1133 3507 dominam
1166 3444 1296 3506 Claram
1319 3465 1368 3508 re·

90 3553 286 3637 spondebit.

207 3661 286 3722 ltem
323 3659 438 3721 domos
471 3658 609 3720 condam
644 3658 788 3741 Fabyani
825 3657 1015 3739 carpentarii
1048 3657 1158 3719 comiti
1195 3658 1273 3719 Wlk
1308 3678 1367 3740 pro

91 3780 224 3848 septem
250 3765 364 3827 marcis
388 3764 595 3827 denariorum
628 3763 885 3844 adjudicavimus
917 3762 1132 3841 vendendam,
1164 3763 1283 3845 quibus
1306 3765 1367 3827 sibi

93 3875 288 3949 tenebatur;
317 3886 433 3934 restam
465 3885 572 3933 autern
603 3871 702 3953 ipsius
733 3870 849 3931 domus
881 3870 979 3951 precii
1011 3870 1202 3953 propinquis
1234 3871 1367 3952 predicti

96 3975 246 4062 Fabyani
270 3977 422 4040 dandam.

206 4103 286 4164 Item
311 4101 467 4163 Martinus
484 4102 700 4184 carpentarius
724 4100 945 4162 testimonium
962 4099 1113 4182 produxit
1136 4120 1192 4182 per
1206 4099 1366 4181 Gerdech‚

101 4204 278 4287 Thomam,
309 4207 499 4286 Johannem,
525 4207 704 4268 Barnabam
736 4221 767 4269 et
800 4206 939 4285 Gerdak,
971 4207 1059 4288 quod
1091 4207 1195 4289 ipsum
1221 4207 1366 4270 Andreas

100 4308 235 4376 Scortha
259 4315 292 4374 in
316 4334 376 4396 vya
398 4314 527 4396 publica
544 4313 773 4396 procedentem
798 4333 871 4374 cum
896 4313 961 4374 suis
977 4314 1181 4375 mercenariis
1205 4315 1365 4396 captivare

96 4416 256 4481 voluisset
288 4420 468 4501 irrequisita
500 4421 587 4503 prius
617 4421 705 4481 omni
738 4419 880 4502 justicia;
913 4419 953 4480 ad
984 4419 1142 4501 justiciam
1168 4435 1274 4483 autern
1299 4439 1364 4482 non

92 4524 192 4585 venit
212 4545 318 4607 neque
342 4527 438 4605 misit,
463 4527 681 4609 promittendo
705 4547 737 4588 se
761 4540 869 4589 tamen
895 4526 1013 4592 venire.

209 4631 287 4694 Item
311 4633 464 4696 Nicolaus
497 4633 564 4694 Ban
597 4647 706 4695 contra
738 4632 940 4715 Mychaelem
965 4632 1085 4695 Vamos
1115 4633 1220 4715 primo
1252 4632 1364 4694 citatus

71 4745 175 4791 non
195 4739 381 4819 comparuit.
