3404 5362
216 351 278 433 328
611 352 698 410 Anno
721 364 813 428 1390.
837 384 881 395 -
904 365 950 411 11.
967 349 1064 427 junii.

214 584 279 625 non
303 564 403 646 possit
427 563 466 624 de
490 563 555 624 sale
580 581 686 625 emere
711 561 771 622 nisi
796 560 862 622 duo
886 561 1036 625 homines
1061 578 1092 625 et
1117 563 1200 626 inter
1222 584 1256 627 se
1281 565 1442 646 dividere,
1456 573 1525 628 εί

214 670 301 731 enim
326 669 435 752 plures
458 681 601 730 emerent
617 687 718 730 unum
736 680 800 729 star
823 667 898 730 salis
914 667 965 729 vel
990 668 1072 731 inter
1096 688 1130 731 ae
1146 670 1340 752 dividerent,
1367 682 1525 735 extunc:

213 775 286 838 talis
308 775 409 838 homo
433 774 513 836 illud
538 774 584 837 sal
608 774 742 858 perdere
767 774 878 857 possit.

320 884 399 945 ltem
423 902 554 945 consors
578 881 734 944 Johannis
757 881 862 963 jurati.

322 989 400 1051 ltem
424 988 577 1051 dominus
600 987 745 1050 Francha
762 1001 870 1050 contra
895 1001 1077 1051 consortem
1095 987 1214 1051 Donati
1238 989 1349 1072 primo
1373 991 1525 1054 citatus:

213 1116 279 1158 non
308 1095 498 1179 comparuit.

318 1202 396 1264 Item
430 1202 575 1263 Thomas
607 1201 781 1282 Hungarus
822 1214 932 1263 contra
964 1201 1120 1264 Jacobum
1153 1215 1268 1264 octavo
1300 1203 1355 1266 die
1393 1218 1492 1267 testes

215 1307 393 1389 producere
417 1308 523 1371 debet.

321 1414 400 1475 ltem
425 1413 534 1476 Bartol
558 1432 697 1475 unacum
728 1411 867 1475 Bedicha
900 1432 1001 1495 usque
1026 1426 1100 1475 octo
1124 1412 1194 1476 dies
1225 1415 1350 1496 absque
1375 1416 1490 1498 aliqua

213 1520 447 1602 prorogacione
472 1519 634 1582 racionem
656 1520 752 1582 soluti
777 1519 877 1583 debiti
901 1539 1021 1602 ponere
1045 1520 1174 1583 debent.

321 1627 399 1688 ltem
424 1627 536 1688 Petrus
559 1627 702 1688 literatus
725 1640 841 1690 octavo
866 1625 918 1688 die
950 1639 1061 1688 contra
1089 1626 1232 1688 Blasium
1259 1628 1489 1710 respondebit.

322 1732 399 1794 ltem
425 1734 529 1795 Borka
554 1752 692 1795 unacum
717 1732 890 1813 Ozmonog
919 1752 1020 1814 usque
1045 1744 1119 1795 octo
1143 1733 1213 1795 dies
1236 1747 1349 1796 contra
1375 1780 1383 1796 .
1411 1784 1419 1799 .
1446 1785 1454 1800 .
1480 1784 1489 1798 .

212 1851 308 1901 testes
321 1839 497 1921 producere
522 1839 629 1918 debet,
654 1838 820 1902 videlicet:
846 1838 965 1918 Mikch,
989 1839 1165 1917 Jacobum;
1190 1839 1407 1923 Ozmonoga:
1436 1844 1488 1906 Ja-

214 1947 344 2024 cobum‚
368 1947 495 2028 Mykus,
520 1945 714 2028 Gregorium
738 1946 898 2009 decanum
923 1961 954 2009 et
977 1961 1130 2009 sartorem
1154 1946 1329 2012 Andream.

322 2051 399 2114 ltem
424 2052 512 2135 quod
537 2054 612 2136 quia
638 2053 806 2136 Gyaninus
836 2053 957 2132 juratus
988 2053 1151 2135 quandam
1182 2067 1300 2115 terram
1325 2056 1485 2119 arabilem

214 2159 323 2222 Mathe
347 2159 470 2221 decano
495 2160 682 2222 vendiderat
704 2179 764 2243 pro
796 2159 908 2222 decem
940 2160 1054 2221 marcis
1085 2159 1294 2221 denariorum
1322 2160 1368 2243 (et
1392 2164 1484 2246 quia)

213 2266 362 2328 vendicio
386 2285 452 2327 non
485 2264 544 2327 luit
576 2287 613 2328 ex
645 2286 803 2328 consensu
828 2266 925 2328 Lucie
958 2265 1078 2348 puelle,
1111 2265 1185 2327 ideo
1217 2266 1338 2329 dictam
1365 2282 1484 2331 terram

212 2372 319 2436 eidem
342 2372 449 2456 puelle
467 2372 702 2453 adjudicarunt,
727 2373 793 2454 ipse
811 2392 887 2434 vero
905 2371 1074 2456 Gyaninus
1091 2372 1197 2435 eidem
1223 2373 1357 2458 Mathey
1382 2376 1483 2439 dictas

213 2478 324 2541 decem
349 2499 471 2541 marcas
502 2479 626 2542 solvere
658 2479 772 2556 debet;
804 2480 871 2562 ipse
903 2493 1010 2541 autem
1044 2477 1174 2562 Mathey
1206 2478 1326 2541 dictam
1352 2501 1482 2544 causam

213 2585 252 2647 ad
278 2586 429 2666 antiquos
453 2586 574 2666 judices
596 2586 780 2669 appellavit.

320 2691 396 2752 ltem
431 2691 580 2772 Magdich
612 2705 726 2755 octavo
751 2692 804 2754 die
835 2693 923 2755 solus
954 2711 1112 2775 supereo
1143 2690 1274 2773 jurabit,
1297 2693 1389 2775 quod
1415 2695 1481 2778 ipse

214 2796 387 2858 Dominico
421 2797 552 2859 dixisset
583 2800 726 2881 quinque
760 2799 861 2861 millia
893 2798 967 2861 salis
995 2818 1054 2881 pro
1086 2797 1231 2880 quinque
1260 2797 1331 2861 flor.
1358 2801 1428 2862 auri
1453 2815 1483 2863 et

213 2917 352 2985 quatuor
375 2903 477 2965 millia
501 2904 575 2966 salis
599 2926 656 2987 pro
681 2919 820 2988 quatuor
843 2905 912 2968 flor.
936 2904 1086 2967 vendere.

320 3009 398 3071 ltem
423 3011 624 3093 Margaretha
648 3012 765 3074 mulier
788 3026 902 3074 octavo
927 3011 978 3073 die
995 3012 1092 3074 tercia
1116 3030 1149 3072 se
1173 3031 1270 3094 super
1293 3031 1333 3074 eo
1352 3012 1481 3093 jurabit,

213 3116 302 3198 quod
328 3117 395 3198 ipsa
419 3117 470 3178 vel
495 3117 559 3179 lilia
584 3139 639 3180 sua
665 3119 763 3181 Lucia
784 3119 940 3201 quasdam
965 3138 1014 3180 res
1039 3137 1103 3179 non
1128 3118 1370 3182 subtraxissent.

319 3222 396 3286 ltem
422 3244 552 3287 consors
577 3226 710 3287 Bartolli
734 3239 848 3288 octavo
873 3224 926 3287 die
950 3224 1089 3287 secunda
1113 3245 1145 3286 se
1170 3244 1267 3307 super
1291 3245 1330 3287 eo
1347 3226 1478 3308 jurabit,

213 3329 301 3412 quod
325 3331 392 3412 ipsa
416 3333 571 3413 quasdam
595 3353 644 3393 res
669 3332 848 3394 Laurentio
872 3350 937 3392 non
961 3331 1176 3393 subtraxisset.

318 3437 397 3500 ltem
430 3459 523 3500 causa
556 3439 639 3500 Petri
672 3438 789 3500 Prioris
821 3451 931 3500 contra
960 3435 1068 3498 Mikch
1093 3436 1244 3518 Magdich
1279 3457 1383 3520 usque
1407 3454 1481 3502 octo

212 3542 281 3604 dies
307 3557 353 3605 est
376 3559 557 3626 prorogata.

318 3648 397 3711 ltem
422 3650 586 3712 Dionisius
609 3664 718 3713 contra
742 3650 914 3712 Nicolaum
934 3650 1040 3733 primo
1057 3650 1172 3712 citatus
1194 3669 1261 3713 non
1282 3652 1477 3735 comparuit.

344 3849 442 3925 Feria
469 3860 567 3924 sexta
596 3855 750 3942 proxima
778 3861 855 3925 ante
884 3853 1007 3925 festum
1036 3854 1125 3924 beati
1154 3849 1326 3925 Anthonli.

762 4026 822 4102 (11.
839 4026 947 4102 junci).

319 4185 397 4246 ltem
423 4204 517 4246 causa
543 4184 626 4245 Petri
652 4184 769 4245 Prioris
797 4197 907 4247 contra
940 4183 1090 4266 Magdich
1115 4204 1216 4266 usque
1240 4196 1316 4246 octo
1340 4185 1411 4248 dies
1435 4201 1481 4248 est

213 4304 396 4373 prorogata.

319 4396 397 4458 ltem
416 4397 581 4458 Dionisius
598 4411 707 4459 contra
725 4397 897 4460 Nicolaum
914 4397 1056 4460 secundo
1073 4398 1187 4459 citatus
1203 4416 1269 4458 non
1286 4400 1479 4480 comparuit.

319 4503 396 4565 ltem
420 4523 513 4565 causa
539 4502 647 4565 Mathe
672 4517 781 4567 contra
807 4506 951 4567 Marcum
979 4503 1018 4565 ad
1043 4524 1155 4586 pacem
1180 4516 1227 4566 est
1249 4516 1390 4586 recepta.

320 4609 397 4673 ltem
415 4630 509 4672 causa
533 4610 643 4672 Jacobi
669 4624 778 4672 contra
804 4612 866 4672 Res
890 4610 929 4672 ad
953 4630 1066 4692 pacem
1091 4623 1138 4674 est
1161 4622 1299 4692 recepta.

321 4717 399 4778 ltem
425 4716 655 4779 Stachunarich
690 4731 799 4779 contra
832 4718 988 4796 Juresam‚
1022 4717 1157 4779 Paulum
1184 4714 1325 4778 Mericha
1351 4728 1383 4778 et
1410 4716 1479 4782 Ste-

214 4822 358 4907 phanum
382 4837 478 4886 testes
501 4823 660 4885 adducere
685 4824 791 4887 debet.
