3404 5362
336 357 397 416 144
717 337 920 418 Ann01378.
944 375 985 383 —
1010 357 1057 418 13·
1087 343 1215 415 augusti.

437 550 514 612 Item
540 551 692 612 Nicolaus
708 566 818 613 contra
832 551 1052 613 Alexandrum
1069 553 1175 633 prImo
1192 552 1306 614 citatus
1322 572 1388 615 non
1406 555 1626 636 comparuit-

439 655 515 718 Item
538 677 632 718 causa
657 656 835 719 Clementis
859 671 890 719 et
915 655 1048 739 Georgii
1072 673 1181 720 contra
1210 658 1360 740 Zitarych
1384 673 1415 721 et
1431 660 1612 721 Vrbanum

331 776 378 824 est
402 782 459 844 per
484 764 672 844 magistrum
698 763 842 824 Francha
866 763 905 824 ad
930 777 1003 825 octo
1036 764 1106 825 dies
1129 778 1256 846 recepta
1281 764 1322 826 ad
1346 784 1472 847 pacem.

438 869 515 931 Item
541 871 618 930 luan
653 869 811 931 Wrouich
842 883 957 932 octavo
990 870 1042 930 die
1075 890 1132 951 per
1156 871 1331 933 Bedicham
1364 885 1396 933 et
1420 870 1603 954 Georgium

331 976 500 1057 antIquum
526 976 674 1037 atestabit
706 995 801 1057 super
833 994 884 1055 eo,
917 975 1005 1057 quod
1037 976 1098 1038 sibi
1122 996 1240 1059 parvus
1274 977 1445 1039 Chernech
1472 978 1506 1039 in
1531 992 1613 1039 octo

330 1080 398 1144 flor.
423 1082 491 1142 auri
516 1080 684 1143 fideiussor
708 1082 871 1143 extitisset.

438 1205 516 1266 Item
543 1205 673 1266 domina
697 1205 806 1267 relicta
828 1205 1006 1267 sabastiani
1025 1221 1134 1268 contra
1152 1206 1354 1289 Mychaelem
1379 1207 1489 1289 primo
1506 1208 1602 1270 citata

330 1331 395 1372 non
420 1311 611 1392 comparuit.

437 1417 514 1478 Item
544 1417 651 1478 Mathe
684 1416 811 1479 Crisani
836 1418 869 1478 in
901 1417 1074 1498 quindenis
1106 1417 1246 1500 Mycheli
1277 1420 1306 1479 X
1330 1418 1400 1481 flor.
1434 1419 1601 1481 exsolvere

330 1523 425 1585 debet
448 1542 506 1605 pro
533 1523 672 1603 quadam
698 1523 810 1584 arabili
837 1538 920 1586 terra
944 1543 1000 1605 per
1024 1523 1154 1585 Iratrem
1178 1544 1272 1586 suum
1297 1525 1515 1606 inpignorata.

437 1629 516 1691 Item
539 1649 633 1691 causa
658 1628 773 1690 ancille
799 1629 870 1691 ElIe
894 1628 1047 1691 aurifabri
1072 1644 1119 1691 est
1135 1650 1191 1712 per
1214 1644 1311 1692 testes
1335 1629 1375 1691 ad
1399 1629 1515 1693 feriam
1540 1645 1601 1693 ter-

330 1736 411 1797 ciam
437 1750 563 1817 recepta
588 1735 627 1795 ad
653 1754 776 1817 pacem.

436 1841 513 1902 Item
539 1841 692 1902 Nicolaus
722 1839 807 1902 filius
839 1841 964 1902 Nicolai
991 1841 1132 1903 Renario
1156 1861 1209 1902 sex
1240 1860 1364 1903 marcas
1388 1840 1599 1904 denarIorum

329 1948 361 2009 in
386 1947 561 2028 quindenis
588 1947 758 2029 persolvet.

434 2053 512 2115 Item
537 2054 683 2115 Thomas
707 2067 817 2115 contra
842 2054 978 2116 Mathias
1002 2054 1108 2137 primo
1132 2055 1245 2115 citatus
1269 2075 1334 2117 non
1357 2054 1553 2136 comparuit.

438 2177 516 2238 Item
548 2198 642 2238 causa
674 2177 797 2239 Mareni
823 2191 853 2238 et
884 2177 1013 2239 Andree
1044 2192 1090 2239 est
1122 2197 1178 2258 per
1208 2176 1348 2257 judicem
1381 2192 1454 2259 post
1482 2177 1599 2240 festum

327 2285 425 2346 sancti
450 2284 533 2364 regis
558 2284 710 2365 Stephani
736 2283 775 2344 ad
793 2283 934 2365 primum
951 2283 1108 2363 judIcium
1125 2299 1315 2365 prorogata;
1342 2285 1496 2346 Marenus
1513 2286 1600 2347 testi-

327 2390 474 2450 monium
499 2390 664 2471 producet.

432 2494 510 2556 Item
535 2496 651 2556 ancilla
684 2496 806 2557 Mareni
839 2494 917 2556 feria
948 2495 1046 2557 tercia
1077 2494 1196 2575 jurabit
1226 2515 1259 2556 se
1290 2495 1387 2557 tercia
1412 2514 1512 2577 super
1545 2515 1594 2573 e0,

327 2600 416 2680 quod
439 2599 506 2682 ipsa
531 2601 628 2662 inscia
652 2602 747 2662 sitin
772 2602 924 2663 omnibus
947 2601 1097 2682 periculis
1122 2601 1256 2662 Mareni.

436 2707 513 2767 Item
547 2706 682 2767 Mathias
714 2705 791 2769 feria
823 2709 919 2768 tercia
955 2726 987 2768 se
1012 2707 1172 2769 secundus
1203 2707 1321 2787 jurabit
1351 2720 1463 2768 contra
1491 2707 1598 2768 Peter-

327 2813 442 2891 Iinum,
466 2812 554 2893 quod
580 2813 647 2894 ipse
672 2812 776 2873 nullas
793 2832 842 2873 res
866 2812 1033 2874 cuiusdam
1050 2813 1224 2874 sacerdotis
1249 2811 1336 2893 apud
1361 2831 1394 2873 se
1421 2811 1597 2874 habuisset.

432 2937 510 2999 Item
534 2937 690 2998 Martinus
713 2952 801 2999 sutor
829 2951 939 2999 contra
972 2937 1184 2999 Benedictum
1220 2951 1363 2999 sutorem
1395 2933 1475 2998 Ieria
1499 2938 1597 3000 tercia

325 3044 442 3123 jurabit
465 3064 498 3105 se
519 3045 635 3105 tercIus
657 3064 752 3125 super
776 3043 971 3125 quibusdam
996 3044 1145 3107 camisiis.
1280 3026 1285 3033 ⁵

433 3150 512 3211 Item
537 3169 630 3211 causa
655 3149 743 3211 Jelte
770 3165 800 3211 et
826 3148 965 3210 Ladislai
990 3162 1038 3210 est
1069 3169 1125 3230 per
1148 3148 1289 3230 judicem
1312 3147 1354 3210 ad
1379 3147 1525 3230 primum
1549 3149 1596 3232 ju·

327 3256 448 3317 dicium
473 3269 545 3337 post
569 3254 684 3316 festum
710 3255 808 3316 sancti
834 3255 917 3336 regis
942 3254 1095 3336 Stephani
1120 3267 1302 3336 prorogata.

432 3361 510 3422 Item
529 3360 684 3442 Orgouan
702 3361 863 3423 Clementi
881 3362 913 3422 in
931 3360 1105 3442 quindenis
1121 3360 1265 3441 quinque
1283 3378 1406 3422 marcas
1422 3361 1595 3441 persolvet.

432 3483 532 3546 Nota!
558 3486 645 3565 quod
663 3505 719 3566 per
736 3486 916 3546 uniuersam
941 3483 1207 3545 communitatem
1223 3483 1330 3546 taliter
1354 3481 1414 3545 fuit
1439 3497 1594 3546 statutum

326 3606 356 3652 et
380 3591 575 3669 ordInatum‚
607 3592 695 3672 quod
722 3592 826 3672 Draga
859 3591 973 3652 mulier
997 3591 1106 3653 relicta
1136 3590 1203 3652 Juri
1236 3609 1403 3672 nunquam
1438 3589 1535 3652 debet
1559 3591 1591 3653 in

327 3679 480 3778 Capitulo
506 3716 635 3758 manere
668 3717 772 3778 neque
797 3697 892 3758 alicui
920 3697 1017 3775 colre,
1049 3696 1108 3757 nisi
1142 3711 1299 3778 quantum
1328 3696 1524 3759 admissam
1548 3698 1590 3761 ad

326 3802 505 3884 predictum
530 3802 720 3885 Capitulum
744 3803 878 3864 liberam
903 3803 1034 3865 habebit
1060 3804 1246 3865 transeundi
1280 3801 1477 3882 facultatem,
1504 3818 1535 3866 et
1560 3805 1594 3865 in

324 3928 380 3970 sua
415 3909 567 3971 ciuilitate
601 3910 701 3970 libere
726 3929 855 3972 manere
887 3923 1053 3990 tamquam
1086 3924 1194 3971 nostra
1227 3911 1359 3986 civissa;
1390 3909 1529 3991 quodsi
1554 3911 1594 3971 de

324 4030 429 4078 cetero
454 4017 485 4076 in
519 4016 629 4097 aliquo
660 4017 746 4078 malo
778 4016 907 4078 inventa
939 4014 1045 4094 fuerit,
1078 4030 1194 4078 extunc
1226 4016 1336 4078 omnia
1361 4016 1446 4079 bona
1470 4034 1529 4076 sua
1553 4016 1594 4076 ad

325 4122 590 4183 communitatem
623 4142 786 4184 remanere
819 4122 984 4183 debebunt
1014 4122 1083 4203 ipso
1116 4121 1199 4184 facto
1228 4123 1297 4184 sine
1329 4120 1592 4198 contradiccione

324 4227 455 4308 aliquali
474 4242 504 4288 et
527 4229 662 4310 turpiter
686 4228 726 4289 de
742 4229 869 4290 civitate
893 4242 1059 4310 tamquam
1079 4229 1161 4289 male
1179 4229 1379 4291 condicionis
1403 4227 1535 4310 expelli.
1551 4264 1591 4272 —

325 4334 550 4396 Communitas
574 4333 648 4395 lecit
672 4335 778 4416 Drage
795 4335 936 4417 predicte
954 4336 1094 4415 graciam
1112 4335 1143 4396 in
1169 4336 1306 4398 consilio
1324 4335 1470 4417 ipsorum
1494 4354 1594 4416 gene·

324 4438 381 4499 rali
406 4454 436 4500 et
461 4439 619 4501 dederunt
643 4441 702 4501 sibi
728 4442 917 4503 libertatem.

427 4563 507 4625 Item
532 4563 671 4625 Vardich
696 4564 800 4646 primo
824 4562 944 4641 judicio
969 4576 1041 4645 post
1068 4561 1184 4625 festum
1210 4565 1308 4626 sancti
1333 4565 1417 4647 regis
1435 4564 1591 4647 Stephani

323 4687 380 4749 per
411 4668 573 4746 Mahnam‚
605 4668 845 4751 Wllrouycham
877 4683 908 4730 et
940 4669 1089 4731 Graciam
1122 4670 1268 4733 atestabit
1299 4688 1468 4753 supereo,
1500 4670 1589 4753 quod

324 4774 466 4855 quodam
491 4775 643 4836 scrinium
668 4796 760 4838 suum
785 4774 839 4837 fiat
863 4775 894 4836 in
920 4776 1019 4838 domo
1044 4775 1208 4840 Iohannis.
