3398 5364
623 379 709 438 Anno
732 393 824 456 139⁰·
850 414 891 423 -
917 394 963 457 17.
980 380 1073 455 Junci.
1422 398 1483 461 329

323 591 401 654 Item
416 591 546 674 Mathey
559 604 668 653 contra
686 591 881 672 Gregorium
904 589 1060 673 voyschar
1076 588 1266 651 secundario
1283 590 1397 652 citatus
1414 610 1479 652 non

217 698 407 781 comparuit.

323 803 403 866 Item
428 822 522 866 causa
547 802 701 886 Stephani
735 803 864 865 sartoris
895 815 1005 864 contra
1030 803 1160 864 Petrum
1193 821 1294 884 usque
1318 815 1392 864 octo
1415 800 1485 864 dies

218 908 256 970 ad
282 929 395 993 pacem
419 922 465 973 est
489 923 625 992 recepta.

322 1015 402 1078 Item
427 1015 539 1078 Tekch
563 1028 595 1077 et
620 1015 758 1078 Jacobus
781 1028 892 1077 contra
918 1013 1148 1077 Stachunarich
1171 1013 1276 1097 primo
1301 1013 1387 1076 citati
1412 1033 1480 1077 non

218 1135 475 1206 comparuerunt.

322 1228 401 1291 Item
418 1248 513 1291 causa
537 1229 693 1290 Iohannis
717 1229 874 1290 Hermani
896 1241 1006 1290 contra
1024 1228 1180 1289 Iacobum
1205 1245 1307 1308 usque
1324 1241 1398 1290 octo
1416 1226 1485 1289 dies

217 1336 255 1398 ad
282 1355 394 1419 pacem
420 1349 467 1398 est
491 1348 627 1418 recepta.

321 1442 401 1504 Item
425 1462 520 1504 causa
544 1443 634 1504 Pauli
659 1457 769 1504 contra
793 1441 917 1504 Iursich
941 1440 981 1503 ad
1006 1460 1119 1524 pacem
1143 1454 1189 1502 est
1212 1453 1350 1522 recepta.

320 1547 398 1610 Item
424 1548 612 1610 Franciscus
629 1563 738 1610 contra
764 1548 944 1611 Iohannem
967 1547 1158 1610 secundario
1172 1547 1285 1610 citatus
1302 1567 1367 1608 non
1393 1567 1481 1609 com-

217 1654 333 1735 paruit.

323 1760 399 1822 Item
426 1781 520 1823 causa
545 1762 655 1823 Jacobi
680 1775 789 1824 contra
807 1761 970 1824 Thomam
996 1780 1097 1843 usque
1121 1774 1195 1824 octo
1219 1760 1287 1822 dies
1311 1760 1351 1822 ad
1368 1780 1482 1843 pacem

217 1881 263 1929 est
287 1881 425 1951 recepta.

323 1973 402 2036 Item
428 1975 628 2056 Dragozlaus
652 1989 762 2038 contra
787 1976 850 2037 Res
874 1975 979 2057 prImo
1005 1975 1118 2037 citatus
1142 1993 1207 2034 non
1232 1974 1422 2057 comparuit.

322 2081 400 2142 Item
425 2082 534 2143 Bartol
560 2102 713 2145 unacum
737 2082 877 2145 Bedicha
903 2101 1004 2162 usque
1028 2095 1101 2142 octo
1119 2079 1187 2141 dies
1212 2081 1315 2162 abque
1342 2080 1406 2143 ulla
1433 2081 1479 2142 uI·

214 2186 325 2248 teriori
348 2189 581 2269 prorogatione
606 2190 768 2252 racionem
794 2189 875 2250 inter
898 2208 931 2250 se
955 2207 1076 2270 ponere
1101 2187 1229 2249 debent.

322 2292 401 2356 Item
437 2295 521 2358 Iwan
557 2309 667 2358 contra
704 2295 902 2378 Stephanum
939 2294 1097 2378 Chaplich
1129 2295 1234 2376 primo
1266 2294 1380 2356 citatus
1415 2314 1480 2356 non

215 2401 407 2482 comparuit.

319 2506 398 2569 Item
423 2507 531 2571 Marco
565 2507 737 2570 Blanchich
769 2521 878 2570 contra
911 2507 1104 2588 Gregorium
1136 2506 1241 2588 primo
1273 2507 1386 2569 citatus
1413 2527 1477 2568 non

214 2615 404 2697 comparuit.

320 2719 399 2782 Item
424 2719 512 2802 quod
538 2721 613 2802 quia
629 2721 766 2783 Roriam
792 2721 961 2782 mulierem
986 2734 1081 2782 testes
1104 2720 1152 2782 sui
1177 2720 1387 2802 reliquerunt,
1407 2720 1480 2781 ideo

214 2845 343 2888 causam
368 2846 458 2888 suam
483 2840 593 2889 contra
618 2828 791 2909 Ozmonog
815 2827 965 2910 perdidit.

321 2932 399 2995 Item
424 2933 557 3016 Jursych
585 2948 699 2996 octavo
731 2933 783 2995 die
815 2933 903 2995 solus
935 2953 1029 3015 super
1053 2953 1092 2995 eo
1117 2932 1234 3013 jurabit
1258 2932 1345 3015 quod
1380 2933 1479 2994 boves

213 3038 261 3100 sui
287 3039 414 3101 nullum
438 3040 614 3122 dampnum
641 3040 757 3123 Mykch
782 3040 931 3122 Magdich
957 3038 1115 3102 iecissent.

319 3145 397 3207 Item
430 3146 575 3207 Thomas
607 3146 781 3228 Hungarus
812 3159 926 3208 octavo
959 3145 1010 3206 die
1042 3145 1130 3206 solus
1161 3164 1318 3227 supereo
1352 3144 1479 3223 jurabit,

213 3251 302 3333 quod
327 3252 394 3333 ipse
419 3252 577 3334 quosdam
604 3254 703 3313 boves
727 3252 941 3335 persolvisset.

320 3357 398 3420 Item
423 3359 515 3421 Jelko
539 3373 653 3421 octavo
686 3359 736 3420 die
768 3373 856 3421 sexto
880 3378 913 3419 se
945 3377 1102 3440 supereo
1127 3357 1256 3437 jurabit,
1289 3356 1376 3438 quod
1413 3357 1479 3437 ipse

215 3465 315 3528 EIene
341 3466 468 3528 muIIeri
493 3466 621 3528 nullum
645 3466 766 3529 furtum
790 3487 845 3528 seu
870 3466 1048 3548 dampnum
1073 3464 1206 3528 fecisset.

321 3571 399 3635 Item
425 3573 654 3634 Stachunarich
672 3585 786 3634 octavo
803 3573 856 3635 die
879 3572 968 3635 solus
992 3591 1142 3654 supereo
1159 3571 1288 3653 jurabit,
1305 3572 1394 3653 quod
1412 3572 1480 3654 ipse

214 3695 286 3738 cum
311 3679 415 3740 bobus
439 3679 505 3740 suis
530 3678 689 3760 Gregorio
715 3679 841 3741 nullum
865 3679 1043 3762 dampnum
1068 3677 1202 3741 fecisset.

249 3949 347 4024 Ieria
374 3960 473 4025 sexta
501 3956 656 4042 proxima
685 3961 760 4044 post
788 3955 911 4027 festum
939 3955 1114 4027 beatorum
1144 3955 1212 4025 Viti
1242 3962 1275 4026 et
1303 3955 1441 4026 Modesti

751 4080 943 4150 martirum.

753 4247 773 4327 (
771 4261 818 4327 17·
833 4248 943 4329 junia).

319 4406 396 4468 Item
409 4406 528 4489 I’aulus
542 4405 681 4468 Mericha
695 4421 804 4470 contra
815 4408 953 4469 Borkam
966 4409 1071 4490 primo
1084 4408 1197 4470 citatus
1210 4428 1275 4470 non
1286 4408 1475 4490 comparuit.

321 4511 399 4575 Item
422 4513 576 4576 NIcolaus
593 4527 702 4575 contra
722 4512 917 4576 Biheruarad
941 4515 1046 4596 prImo
1065 4514 1178 4576 citatus
1198 4534 1262 4576 non
1287 4514 1477 4596 comparuit.

319 4618 397 4681 Item
416 4618 576 4700 Georgius
602 4633 712 4682 contra
737 4619 866 4703 Mathey
889 4620 1031 4683 secundo
1060 4621 1174 4683 citatus
1198 4640 1262 4681 non
1287 4621 1480 4702 comparuit.

319 4723 396 4786 Item
423 4723 599 4806 Gregorius
623 4726 751 4806 AngeIi
781 4726 980 4807 Dragozlaus
1004 4741 1035 4788 et
1059 4725 1243 4788 Anthonius
1267 4726 1404 4787 condam
1430 4725 1478 4804 ju·

214 4832 271 4894 rati
290 4845 454 4916 tamquam
472 4845 566 4894 testes
588 4852 628 4895 eo
644 4832 743 4895 modo
759 4832 1019 4912 testificaverunt,
1037 4832 1203 4915 quomodo
1218 4832 1355 4895 condam
1370 4833 1477 4895 Peter·
