3404 5362
221 351 281 413 3¹²
585 331 671 388 Anno
688 327 784 406 1389.
810 363 850 372 —
874 341 923 405 27.
948 328 1118 388 novembris.
1170 317 1176 330 ⁸

327 543 404 604 Item
441 541 602 623 Georgius
637 556 747 602 contra
784 518 962 622 Georgium
996 539 1101 601 Zuder
1133 540 1239 622 primo
1274 539 1384 601 citatus
1416 556 1465 598 nou

217 650 406 732 comparuit.

323 756 401 818 ltem
433 754 542 817 relicta
578 752 719 815 Maurice
755 767 865 815 contra
901 751 1070 815 dominum
1106 751 1288 814 lohannem
1328 751 1463 814 vicarium

218 863 324 946 primo
348 863 443 925 citata
467 881 532 923 non
554 860 744 943 comparuit.

325 968 403 1030 ltem
428 987 522 1030 causa
547 965 709 1028 Valentini
735 985 836 1047 usque
861 979 935 1027 octo
959 964 1028 1026 dies
1052 979 1098 1026 est
1121 978 1305 1047 prorogata.

323 1074 401 1137 ltem
427 1073 587 1154 Georgius
603 1085 691 1134 sutor
708 1085 823 1134 octavo
848 1071 900 1133 die
920 1071 1062 1133 secundo
1078 1092 1110 1132 se
1128 1070 1246 1153 jurabit
1270 1072 1361 1154 quod
1380 1073 1469 1155 ipsun

216 1181 364 1242 Vrbanus
388 1179 596 1241 vulnerasset.

322 1286 400 1346 ltem
432 1283 579 1368 Zytarich
612 1298 727 1346 octavo
759 1283 811 1346 die
842 1284 943 1346 tercio
977 1304 1009 1344 se
1042 1302 1137 1365 super
1161 1302 1200 1345 eo
1232 1281 1363 1364 jurabit,
1394 1278 1472 1365 quod

217 1394 286 1474 ipse
310 1392 436 1473 aliquas
460 1412 509 1452 res
534 1391 617 1453 Petri
642 1390 730 1471 longi
755 1409 820 1451 non
845 1389 1044 1451 subtraxerit.

322 1497 399 1558 ltem
433 1496 546 1557 Simon
582 1509 692 1559 contra
726 1496 781 1557 Sib
817 1509 932 1558 octavo
965 1495 1017 1556 die
1040 1507 1136 1557 testes
1164 1494 1347 1577 producere
1379 1495 1476 1558 debet

214 1603 381 1664 videlicet:
406 1603 574 1681 Jacobum,
598 1603 682 1664 lwan
708 1617 861 1666 sutorem.

321 1709 398 1770 ltem
431 1709 519 1790 quod
544 1709 619 1790 quia
644 1708 790 1770 Thomas
813 1728 869 1791 per
891 1722 987 1771 testes
1012 1706 1156 1770 elficaces
1188 1707 1220 1768 id
1245 1709 1489 1790 comprobavit,

215 1814 303 1896 quod
329 1816 440 1877 Petrus
464 1815 603 1876 decanus
626 1816 686 1876 sibi
719 1814 870 1877 undecim
904 1815 973 1878 flor.
1003 1829 1033 1876 et
1063 1815 1226 1894 sexaginta
1252 1814 1394 1876 denariis
1428 1815 1501 1876 de‘

220 1921 304 1983 bitor
329 1920 398 2000 luit,
424 1922 497 1983 ideo
516 1923 582 2003 ipse
599 1922 709 1983 Petrus
731 1941 832 2003 usque
850 1921 1030 2003 quindenas
1054 1921 1170 1984 dictam
1190 1920 1365 2003 pecuniam
1384 1923 1520 1984 eidem)

222 2027 351 2089 Thome
374 2029 498 2090 solvere
516 2028 631 2104 debet;
656 2029 723 2110 ipse
739 2042 848 2090 autem
872 2030 982 2091 Petrus
999 2030 1101 2111 ipsam
1118 2047 1247 2090 causam
1271 2027 1312 2089 ad
1338 2030 1520 2112 antiquo&

216 2134 338 2216 judices
365 2135 548 2216 appellavit.

322 2243 399 2303 ltem
417 2262 510 2303 causa
528 2242 657 2304 Thome
674 2255 784 2303 contra
801 2241 982 2303 lohannem
1008 2261 1109 2323 usque
1126 2253 1200 2302 octo
1217 2239 1285 2301 dies
1309 2240 1352 2302 ad
1371 2258 1520 2324 pacen-

216 2347 274 2420 (est
299 2347 447 2430 recepta).

322 2455 400 2516 ltem
425 2454 572 2537 Zytarich
590 2467 700 2516 contra
717 2454 925 2516 Valentinum
948 2453 1052 2535 primo
1069 2452 1183 2515 citatus
1199 2472 1265 2514 non
1290 2456 1500 2536 comparuit.

323 2561 399 2621 ltem
429 2580 524 2642 super
549 2560 626 2643 quid
652 2560 836 2623 Anthonius
859 2560 947 2623 solus
971 2573 1086 2622 octavo
1118 2559 1170 2621 die
1201 2558 1330 2641 jurabit,
1357 2573 1509 2624 tantum.

216 2680 324 2727 autem
350 2667 496 2747 Zytarich
521 2667 580 2726 sibi
606 2668 730 2728 solvere
755 2667 859 2729 debet.

324 2772 400 2833 ltem
431 2771 550 2832 Paulus
577 2787 666 2834 sutor
696 2788 810 2835 octavo
842 2772 893 2833 die
926 2786 1036 2834 contra
1061 2772 1243 2850 Nicolaum,
1277 2770 1497 2854 Gregorium,

215 2878 371 2938 Jacobum
395 2875 593 2938 sacerdotem
617 2892 711 2940 testes
734 2879 910 2960 producere
935 2878 1040 2941 debet.

321 2982 398 3044 ltem
414 2981 505 3043 Cilus
519 2995 627 3044 contra
642 2984 770 3045 Petrum
786 2984 1059 3067 decanumprimo
1072 2985 1186 3048 citatus
1203 3004 1268 3047 non
1286 2985 1499 3066 comparuit.

322 3088 399 3148 ltem
433 3088 520 3170 quod
553 3090 628 3169 quia
661 3090 771 3151 Petrus
806 3091 981 3172 Hungarus
1020 3091 1123 3153 dictus
1160 3092 1246 3154 tular
1282 3091 1481 3173 Stephanum

214 3195 446 3275 cingulatorem
472 3195 643 3273 interemit,
668 3210 763 3276 prout
781 3196 866 3258 idem
893 3197 1004 3259 Petrus
1021 3197 1053 3258 in
1077 3197 1153 3259 sede
1178 3211 1286 3259 nostra
1310 3196 1478 3279 iudiciaria

213 3299 385 3378 afirmavit,
419 3300 492 3361 ideo
524 3320 579 3382 per
610 3315 763 3381 cognatos
795 3301 871 3364 dicti
905 3303 1058 3385 Stephani
1091 3303 1300 3384 cingulatoris
1332 3303 1372 3366 de
1409 3305 1476 3386 ipso

214 3406 308 3467 Petro
333 3405 418 3486 juxta
443 3405 622 3468 libertatem
647 3407 782 3468 civitatis
807 3408 946 3470 vindicta
972 3424 1018 3470 est
1041 3423 1241 3491 consumpta.

321 3511 398 3573 ltem
424 3512 547 3593 Ciphus
567 3527 681 3574 octavo
699 3513 750 3575 die
768 3530 877 3577 contra
897 3516 1025 3577 Petrum
1051 3515 1221 3595 decanum,
1239 3515 1372 3578 Petrum
1392 3518 1479 3579 Hun-

216 3637 342 3699 garum,
368 3617 523 3678 Jacobum
549 3619 725 3681 institorem
751 3634 845 3682 testes
870 3621 1047 3703 producere
1071 3621 1176 3685 debet.

664 3822 847 3894 Sabbatum
875 3843 1031 3912 sequens.

707 3973 772 4054 (27.
797 3975 981 4056 erovembn's).

591 4118 732 4188 judicium
753 4120 879 4192 Judicum
903 4122 1096 4193 antiquorum.

320 4255 396 4315 ltem
422 4276 516 4318 causa
542 4257 669 4318 Thome
695 4275 804 4321 contra
830 4261 958 4322 Petrum
991 4261 1149 4324 decanum
1174 4282 1229 4345 per
1253 4263 1407 4344 antiquos
1430 4263 1476 4346 ju·

213 4361 299 4422 dices
323 4362 367 4422 sic
392 4377 439 4423 est
463 4363 612 4444 judicata,
636 4381 731 4446 prout
763 4367 843 4428 inter
875 4368 958 4450 ipsas
982 4384 1085 4451 partes
1109 4370 1198 4432 litem
1230 4388 1343 4430 eorum
1369 4390 1476 4453 perce·

214 4468 330 4548 pimus,
357 4483 389 4529 ut
414 4469 480 4548 ipse
505 4470 616 4532 Petrus
641 4492 741 4554 usque
767 4474 947 4554 quindenas
971 4490 1044 4536 octo
1069 4475 1137 4536 flor.
1162 4475 1230 4536 auri
1256 4487 1286 4536 et
1310 4477 1475 4559 sexaginta

213 4573 361 4634 denarios
384 4575 508 4637 solvere
533 4576 669 4654 debeat;
699 4598 794 4660 super
825 4594 932 4642 autem
961 4581 1061 4642 tribus
1093 4581 1222 4643 florenis
1254 4581 1341 4644 idem
1366 4583 1478 4645 Petrus

213 4694 327 4742 octavo
352 4682 404 4743 die
429 4682 553 4762 iurabit,
578 4699 613 4745 ut
636 4685 702 4766 ipse
727 4699 790 4747 tres
815 4685 883 4748 llor.
908 4689 947 4748 ab
973 4688 1041 4769 ipso
1067 4688 1195 4750 Thoma
1220 4702 1366 4771 tempore
1392 4690 1477 4751 ordi·

215 4788 359 4849 nacionis
385 4789 465 4849 inter
490 4789 576 4871 ipsos
602 4789 682 4853 lacte
708 4811 771 4853 non
801 4792 962 4854 habuisset
986 4812 1044 4854 nec
1069 4794 1274 4877 percepisset.
