3404 5362
585 317 787 397 Ann01384.
814 354 853 363 -
877 334 927 396 23.
952 320 1130 394 septembris.

229 426 263 432 --
284 426 324 431 ——
362 427 393 431 --
419 426 528 431 ——-—-
560 426 612 432 .-—
634 427 826 433 ——....——..
879 426 1319 432 -.—.-.-.——--——-——---
1343 424 1484 433 ---—ae

437 636 620 697 Mauricius.

437 741 598 823 Georgius
621 742 850 804 stachunarius.
916 778 924 844 l
981 743 1222 825 Hungarorum.

436 848 617 930 Stephanus
641 847 736 911 frater
761 849 847 910 laxe.
911 848 922 991 q

434 952 610 1034 Gregorius
634 952 717 1016 lilius
741 955 867 1036 Angeli.

436 529 597 590 lohannes
621 530 729 591 Vasas.
914 546 924 757 Ι

434 1166 597 1248 Myklinus
621 1165 706 1228 filius
731 1167 894 1229 Johannis.

434 1272 571 1334 lacobus
599 1273 688 1336 Bole.

434 1379 581 1460 Mychael
607 1377 784 1460 Ortoflych.
988 1379 1225 1441 Teutonorum.

433 1484 517 1545 lwan
543 1484 711 1547 Wrouich.

433 1590 539 1673 llemp
565 1590 712 1672 lapicida.

328 1816 405 1878 ltem
432 1840 489 1901 per
512 1818 670 1901 prefatum
697 1820 866 1882 dominum
890 1821 1105 1883 Laurencium
1129 1820 1268 1902 judicem
1294 1837 1325 1882 et
1352 1822 1422 1883 eius
1446 1822 1492 1903 ju-

225 1938 311 1985 ratos
335 1945 370 1986 ac
397 1926 596 1988 consiliarius
621 1927 766 1988 universa
791 1942 905 1989 statuta
931 1942 961 1989 ct
990 1928 1115 1989 decreta
1142 1929 1173 1989 in
1198 1928 1269 1989 aliis
1293 1930 1437 2010 antiquis
1462 1944 1493 1991 et

222 2030 253 2090 in
282 2033 420 2112 presenti
446 2035 576 2094 katerna
600 2034 790 2116 conscripta,
823 2048 898 2095 sunt
930 2033 1114 2096 confirmata
1148 2049 1178 2096 et
1203 2037 1354 2096 roborata
1389 2036 1491 2096 invio·

223 2136 361 2199 labiliter
385 2139 595 2201 observanda.

327 2262 404 2324 ltem
423 2263 508 2325 idem
533 2263 685 2324 dominus
711 2265 906 2325 Laurentius
934 2265 1028 2345 judex
1058 2278 1089 2325 et
1114 2264 1182 2325 eius
1206 2263 1300 2345 jurati
1323 2286 1361 2326 ac
1386 2267 1490 2327 consi-

222 2367 305 2428 liarii
331 2383 508 2430 statuerunt
533 2369 642 2431 fecisse
661 2390 761 2431 unum
780 2370 921 2453 lapidem
943 2391 1037 2453 super
1054 2370 1210 2448 kathema,
1235 2385 1269 2431 ut
1293 2391 1490 2455 quecunque

222 2475 383 2556 penestice
408 2496 440 2536 se
466 2491 578 2537 mutuo
604 2477 634 2537 in
661 2475 731 2537 foro
749 2477 975 2560 vituperarent,
1000 2490 1075 2537 tunc
1096 2476 1175 2538 tales
1199 2497 1231 2538 se
1257 2478 1488 2560 vituperantes,

220 2600 283 2640 una
308 2601 417 2642 earum
443 2603 460 2643 a
485 2582 590 2644 hostio
607 2584 706 2644 sancti
726 2583 823 2644 Marci
843 2603 943 2664 usque
962 2583 1096 2644 Parvam
1121 2598 1246 2665 portam
1263 2603 1360 2666 super
1379 2587 1489 2648 colum

218 2706 322 2764 sunm,
348 2703 378 2749 et
402 2689 463 2749 alia
489 2691 528 2749 ab
554 2691 619 2771 ipsa
641 2705 731 2773 porta
750 2709 851 2771 usque
876 2690 997 2751 dictum
1015 2689 1156 2750 hostium
1172 2692 1272 2751 sancti
1294 2691 1395 2754 Marci
1413 2713 1492 2776 por·

218 2808 283 2853 tare
310 2793 458 2856 debeant.

403 3065 498 3140 Feria
527 3077 624 3139 sexta
654 3075 730 3158 post
758 3069 881 3141 lestum
911 3070 1034 3140 llathei
1065 3061 1319 3157 ewangeliste*

706 3227 720 3299 (
722 3237 742 3278 2
737 3237 772 3298 3.
810 3223 995 3297 septembris).

326 3361 402 3423 ltem
429 3361 614 3442 Mosnarigh
632 3376 740 3423 contra
759 3361 937 3443 Georgium
955 3363 1059 3444 primo
1076 3363 1189 3424 citatus
1206 3382 1271 3425 non
1292 3366 1489 3444 comparuit.

322 3485 400 3546 ltem
426 3486 563 3546 lacobus
588 3485 716 3567 pellifex
750 3502 860 3549 contra
886 3487 971 3570 Span
997 3486 1151 3567 quasdam
1183 3487 1290 3548 literas
1316 3488 1486 3569 expedito-

217 3590 279 3651 rias
304 3591 452 3654 exhibere
478 3592 581 3655 debet.

321 3716 398 3778 ltem
423 3717 561 3778 lacobus
587 3716 664 3777 Bole
689 3730 719 3778 et
745 3717 858 3779 Paulas
882 3733 991 3779 contra
1010 3717 1151 3779 Endrich
1176 3717 1281 3799 primo
1299 3718 1387 3779 citati
1416 3739 1484 3782 non

215 3835 474 3901 comparuerunt.

321 3927 397 3989 ltem
424 3929 545 4010 Symon
564 3942 673 3989 contra
692 3930 892 4012 Mychaelem
914 3929 1039 3991 fabrum
1057 3944 1171 3992 octavo
1191 3930 1242 3991 die
1259 3931 1485 4010 respondebit.

322 4052 399 4114 ltem
414 4053 597 4114 Anthonius
608 4054 705 4114 Renis
719 4071 826 4115 contra
841 4055 1053 4135 tegulatorem
1068 4068 1182 4116 octavo
1196 4054 1248 4116 die
1261 4056 1485 4136 respondebit.

321 4177 398 4238 Item
423 4177 510 4259 quod
536 4178 611 4257 quia
638 4179 763 4239 Marcus
789 4178 932 4241 Gallicus
956 4195 987 4241 et
1018 4180 1066 4241 sui
1092 4178 1306 4256 fideiussores,
1330 4180 1487 4244 videlicet

214 4281 411 4363 Dragozlaus
436 4298 466 4345 et
492 4283 599 4345 Mathe
623 4284 763 4346 decanus
788 4301 850 4346 tres
867 4306 988 4347 marcas
1014 4286 1219 4348 denariorum
1246 4286 1390 4367 Georgio
1417 4309 1485 4351 sar·

213 4389 283 4466 tori,
308 4408 388 4470 quas
405 4410 462 4471 pro
480 4390 673 4471 quibusdam
687 4393 969 4453 verberacionibus
986 4406 1016 4453 et
1032 4393 1327 4475 vituperacionibus
1351 4395 1482 4457 solvere

213 4494 376 4572 deberent,
400 4496 543 4578 plenarie
568 4497 798 4577 persolverunt,
825 4498 898 4560 ideo
922 4512 996 4560 sunt
1021 4498 1171 4580 expediti.

319 4601 396 4664 ltem
420 4603 556 4664 Selezko
581 4616 690 4663 eontra
716 4603 892 4666 Francham
923 4606 1027 4687 primo
1060 4606 1172 4666 citatus
1196 4625 1261 4666 non
1286 4608 1480 4688 comparuit.

317 4809 491 4861 *Citationes
510 4820 536 4862 et
554 4813 697 4863 sententiae
717 4832 731 4863 a
751 4815 881 4865 februario
903 4831 985 4879 usque
1004 4823 1142 4880 augustum
1163 4817 1264 4867 desunt.
