3404 5362
624 334 710 391 Anno
733 329 826 411 1353.
850 369 892 378 -
910 350 964 411 31.
981 337 1065 412 julii.

1415 359 1478 423 207

218 438 610 445 ——————————
651 441 717 446 —.—
731 442 749 446 .-
1003 444 1043 449 .-
1096 446 1135 451 —

217 542 360 624 phanum
385 545 522 606 condam
540 543 677 624 juratum
703 558 841 608 statuere
866 547 962 610 debet
979 549 1009 609 io
1036 548 1119 612 facto
1137 552 1302 614 cuiusdam
1328 554 1481 635 particule

217 647 317 727 fundi,
342 650 413 731 quit
437 650 513 733 ipsis
537 666 669 716 constat.

321 756 400 819 Item
431 776 524 819 causa
558 758 689 820 Martini
722 757 779 820 filii
813 758 965 842 Stephani
999 775 1109 825 contra
1142 763 1339 845 Stephanum
1365 767 1404 826 ad
1429 785 1482 828 oc·

215 878 323 925 tavum
348 863 434 925 diem
458 864 498 924 ad
523 883 635 947 pacem
659 877 706 927 est
729 878 865 948 recepta.

321 971 401 1033 Item
431 971 573 1033 Brumcn
606 970 766 1033 aurifaber
798 986 907 1034 contra
944 974 1158 1037 Laurencium
1190 976 1332 1038 secundo
1368 978 1481 1041 citatus

216 1097 279 1140 non
305 1077 496 1160 comparuit.
1372 1091 1374 1094 ·

320 1185 398 1247 Item
423 1205 517 1247 causa
535 1189 628 1246 Anne
653 1200 762 1247 contra
781 1184 957 1268 Georgium
975 1187 1015 1248 ad
1033 1202 1183 1251 octavum
1208 1190 1294 1251 diem
1311 1190 1350 1252 ad
1368 1211 1480 1274 pacem

216 1303 261 1353 est
285 1304 421 1374 recepta.

320 1398 398 1459 Item
416 1417 511 1460 causa
536 1398 691 1460 Iohannis
711 1397 768 1460 filii
794 1398 936 1462 Bcherch
960 1415 1068 1463 contra
1095 1402 1237 1465 relictam
1254 1404 1413 1466 Mezeram
1439 1405 1479 1466 ad

217 1517 363 1566 octavum
389 1504 474 1566 diem
499 1505 540 1567 ad
564 1524 676 1588 pacem
701 1519 749 1568 est
771 1519 908 1589 recepta.
1308 1574 1311 1578 ,
1431 1570 1434 1575 .

320 1611 398 1673 Item
416 1612 601 1674 Anthonius
618 1611 752 1696 Jursych
769 1626 877 1675 contra
895 1613 1062 1676 dammam
1082 1616 1318 1697 Margaretham
1336 1617 1479 1680 secundo

216 1718 328 1780 citatus
352 1739 415 1781 non
441 1719 631 1801 comparuit.

320 1825 397 1888 Item
415 1826 578 1887 Iohannes
601 1824 686 1886 filius
710 1825 828 1889 Donati
863 1840 973 1888 contra
1004 1826 1206 1890 Anthonium
1231 1829 1329 1890 Renis
1362 1843 1478 1892 octavo

217 1932 266 1995 die
291 1932 510 2016 respondebit.

319 2041 397 2103 Item
422 2041 549 2102 Marcus
572 2038 658 2101 filius
681 2037 817 2122 Mykech
838 2054 948 2103 contra
973 2040 1113 2103 eundem
1137 2042 1339 2104 Anthonium
1363 2056 1477 2105 octavo

216 2147 265 2210 die
290 2144 507 2230 respondebit.

318 2254 397 2316 Item
420 2273 513 2315 causa
541 2253 625 2314 Luce
650 2251 806 2313 carnificis
836 2267 945 2314 contra
970 2252 1118 2314 Valesam
1151 2254 1191 2315 ad
1215 2268 1365 2317 octavum
1389 2256 1474 2317 diem

215 2360 251 2421 ad
274 2380 388 2443 pacem
413 2374 459 2422 est
482 2373 619 2442 recepta.

317 2467 396 2530 Item
421 2488 515 2529 causa
540 2466 624 2529 Iwan
650 2464 801 2548 Loytrich
835 2478 943 2527 contra
969 2465 1111 2528 Brumen
1135 2465 1332 2529 aurifabrum
1357 2468 1397 2529 ad
1422 2487 1475 2529 oc·

215 2590 320 2638 tavum
346 2575 431 2636 diem
455 2574 496 2636 ad
520 2593 631 2656 pacem
657 2587 703 2634 est
726 2585 864 2655 recepta.

316 2682 395 2745 Item
420 2683 570 2744 Marenus
593 2693 748 2762 tanquam
773 2680 1016 2762 procuratorio
1043 2699 1181 2761 persona
1206 2681 1405 2762 Margarethe
1423 2701 1476 2742 oc-

215 2804 284 2852 tavo
309 2790 361 2852 die
385 2788 540 2872 quasdam
565 2787 672 2850 literas
696 2786 846 2848 exhibere
870 2787 975 2849 debet.

315 2897 395 2960 Item
418 2894 574 2958 Nicolaus
597 2894 682 2956 filius
708 2893 816 2955 Endre
845 2907 958 2955 octavo
990 2893 1042 2955 die
1066 2908 1155 2956 sexto
1187 2915 1219 2955 se
1243 2914 1338 2977 super
1363 2914 1402 2956 eo
1427 2894 1475 2975 ju-

217 3004 304 3083 rabit,
329 3002 417 3085 quod
442 3003 509 3085 ipse
534 3002 566 3063 in
592 3000 755 3063 furticinio
779 2999 946 3061 cuiusdam
971 3000 1047 3083 palii
1072 3001 1226 3063 innocens
1250 3001 1299 3063 sit.

316 3111 394 3172 Item
420 3108 581 3171 Johannes
604 3109 636 3170 in
662 3109 761 3170 domo
784 3106 941 3190 Delasych
966 3107 1108 3169 residens
1132 3128 1189 3191 per
1213 3108 1474 3170 commissionem

216 3231 320 3278 contra
347 3216 547 3278 Demetrium
573 3215 783 3296 joculatorem
808 3214 841 3274 in
866 3213 986 3293 judicio
1012 3233 1077 3276 non
1102 3215 1292 3297 comparuit.

262 3434 358 3510 Ieria
387 3445 485 3509 sexta
513 3438 668 3527 proxima
696 3443 774 3508 ante
798 3435 923 3507 festum
951 3435 992 3506 ad
1020 3436 1155 3507 vincula
1184 3437 1293 3507 sancti
1319 3436 1420 3508 Petri.

752 3584 817 3668 (31.
834 3585 936 3669 julia).

315 3736 393 3798 Item
420 3735 528 3796 Hanse
546 3731 625 3795 Scof
645 3744 756 3794 contra
773 3731 953 3793 Johannem
971 3728 1115 3791 Plahtich
1140 3730 1245 3812 primo
1270 3729 1384 3791 citatus
1408 3749 1473 3791 non

215 3843 400 3926 comparuit.

313 3950 392 4011 Item
416 3967 547 4011 consors
572 3946 663 4008 Pauli
687 3945 824 4008 cursoris
847 3957 961 4007 octavo
985 3944 1038 4005 die
1061 3943 1161 4005 tercio
1185 3962 1217 4002 se
1242 3962 1338 4025 super
1361 3962 1400 4004 eo
1425 3942 1474 4024 ju·

214 4057 300 4136 rabit,
333 4056 421 4137 quod
451 4055 518 4138 ipsa
551 4053 678 4115 nullum
712 4051 909 4114 furticinium
942 4051 982 4112 de
1017 4050 1114 4131 lignis
1138 4049 1177 4111 de
1209 4048 1309 4111 domo
1333 4048 1473 4111 filiorum

214 4162 293 4226 Iwan
317 4162 374 4225 filii
399 4163 484 4224 Iwan
509 4159 629 4224 fecerit.

313 4270 392 4332 Item
416 4267 578 4330 Iohannes
602 4280 690 4329 sutor
722 4278 832 4329 contra
863 4265 983 4326 Rosam
1015 4262 1184 4324 mulierem
1217 4261 1323 4344 primo
1355 4259 1469 4321 citatus

213 4396 273 4438 non
298 4389 487 4458 comparuit.

314 4482 393 4544 Item
410 4480 588 4563 Gregorius
611 4480 696 4543 filius
719 4477 872 4562 Stephani
890 4492 999 4539 contra
1024 4476 1178 4538 Mathiam
1196 4488 1350 4536 sartorem
1367 4471 1472 4556 primo

211 4589 320 4652 citatus
344 4609 409 4652 non
441 4589 631 4671 comparuit.

312 4697 391 4760 Item
417 4695 540 4779 Symon
565 4693 650 4756 filius
674 4692 866 4774 Chepernye
899 4705 1008 4753 contra
1034 4690 1178 4751 Marcum
1203 4685 1305 4748 hlium
1336 4684 1472 4769 Mykech

213 4804 348 4866 secundo
377 4803 491 4865 citatus
515 4821 580 4864 non
605 4799 794 4883 comparuit.
