3398 5364
540 361 742 441 Ann01382.
767 399 808 407 -
831 379 861 442 4.
878 363 965 439 J‘ulr'i.
1331 366 1388 446 183

228 576 308 638 Item
332 577 416 638 inter
439 576 571 637 eosdem
596 576 751 636 Iacobum
777 590 808 636 et
837 576 965 636 Petrum
991 596 1073 657 pena
1107 576 1219 657 viginti
1245 576 1390 658 quinque

121 702 303 745 marcarum
329 697 376 744 est
406 682 520 764 posita,
549 695 584 742 ut
613 701 696 742 unus
727 682 862 743 alterum
896 701 1001 763 neque
1032 683 1138 743 verbis
1169 702 1274 764 neque
1299 681 1392 744 factis

120 789 264 851 Invadat.

230 914 309 975 Item
335 912 512 974 Hanslinus
540 911 761 973 stachunarius
793 912 924 974 domine
949 932 1059 974 socrus
1089 933 1146 975 sue
1170 934 1271 995 usque
1296 914 1392 996 quin·

122 1022 223 1082 denas
248 1019 461 1101 quadraginta
485 1032 624 1099 quatuor
647 1017 716 1080 flor.
741 1018 864 1079 solvere
890 1019 995 1081 debet.

231 1145 309 1206 Item
334 1143 423 1224 quod
447 1142 522 1224 quia
539 1142 689 1223 magister
705 1144 795 1203 Altus
811 1141 896 1203 filius
917 1142 1071 1223 Stephani
1089 1143 1301 1224 quadraginta
1319 1143 1390 1207 flor.

120 1252 230 1313 minus
255 1250 384 1312 duobus
408 1249 440 1309 in
472 1248 617 1310 terminis
644 1267 701 1330 per
732 1268 791 1310 nos
822 1249 882 1310 sibi
907 1248 1040 1330 juridice
1072 1263 1103 1310 et
1128 1270 1165 1309 ex
1189 1249 1389 1311 habundanti

121 1357 249 1437 justicia
271 1355 439 1437 assignatis
463 1354 621 1436 Mychaeli
647 1353 815 1436 Ortoflych
839 1355 963 1416 solvere
988 1355 1109 1416 debens
1132 1375 1198 1416 non
1222 1356 1389 1437 persolvit,

119 1463 278 1524 medietas
302 1461 468 1523 cuiusdam
493 1460 672 1522 molendini
701 1461 776 1522 dicti
810 1461 951 1541 magistri
978 1463 1067 1522 Altus
1099 1461 1192 1522 statui
1226 1461 1332 1539 debet,
1358 1474 1391 1523 et

119 1569 145 1629 si
180 1568 268 1629 idem
300 1568 450 1648 magister
482 1568 570 1627 Akus
604 1566 706 1648 ipsam
738 1567 942 1627 medietatem
975 1586 1076 1647 usque
1110 1567 1290 1647 quIndenas
1322 1586 1388 1628 non

120 1673 299 1751 redimerit,
323 1686 399 1734 tunc
423 1693 441 1733 a
465 1673 557 1734 dictis
582 1672 754 1753 quindenis
771 1673 837 1754 ipse
856 1671 1004 1755 Mychael
1022 1672 1142 1734 fructus
1159 1687 1190 1735 et
1212 1686 1390 1756 proventus

122 1780 201 1841 dicti
227 1779 407 1841 molendini
431 1779 595 1861 percipere
620 1779 724 1841 debet.

229 1906 308 1967 Item
335 1904 454 1966 Paulus
478 1904 581 1986 pictor
598 1923 699 1984 usque
724 1902 904 1984 quindenas
921 1904 1056 1964 domiuo
1073 1904 1233 1984 Agustino
1250 1917 1390 1985 quatuor

122 2012 194 2075 flor.
220 2012 289 2073 auri
314 2011 421 2072 minus
443 2011 557 2090 viginti
582 2030 635 2070 sex
660 2010 800 2071 denariis
823 2010 947 2070 solvere
973 2009 1078 2072 debet.

230 2135 309 2196 Item
333 2134 486 2196 Nicolaus
510 2132 606 2195 frater
635 2134 715 2196 Kate
747 2134 845 2195 tercio
869 2153 902 2193 se
935 2147 1049 2195 octavo
1075 2134 1126 2194 die
1159 2154 1316 2216 supereo
1342 2134 1389 2213 ju·

120 2242 215 2320 rabit,
239 2240 327 2322 quod
353 2241 419 2323 ipse
445 2241 577 2302 Luciam
603 2259 746 2301 sororem
770 2260 860 2301 suam
886 2259 949 2300 non
974 2240 1195 2321 vituperasset.

157 2359 162 2366 ’
227 2363 306 2425 Item
335 2363 459 2425 Drasko
483 2363 522 2424 de
548 2363 681 2446 Dedych
713 2364 871 2444 quosdam
904 2376 1008 2442 testes,
1041 2364 1095 2443 qui
1122 2364 1296 2445 quamdam
1329 2363 1384 2425 de-

120 2471 308 2554 pancionem
337 2470 546 2548 estimassent,
580 2470 612 2531 in
643 2471 749 2552 primo
772 2469 893 2551 judicio
924 2483 1034 2531 contra
1066 2470 1196 2531 Petrum
1227 2469 1386 2532 famulum

120 2576 281 2659 Delasych
304 2589 442 2637 statuere
466 2575 570 2637 debet.

229 2700 307 2762 Item
333 2719 413 2761 uxor
436 2700 527 2761 Pauli
551 2699 682 2781 pictoris
705 2713 819 2761 octavo
844 2700 895 2761 die
923 2699 1066 2761 secundo
1090 2721 1123 2761 se
1147 2721 1243 2783 super
1267 2721 1305 2763 eo
1340 2701 1388 2782 ju·

123 2807 216 2885 rabit,
242 2806 331 2887 quod
356 2806 457 2888 ipsam
483 2804 671 2867 Cernechna
695 2806 812 2867 mulier
828 2826 930 2887 usque
955 2820 985 2868 et
1009 2805 1199 2868 effusionem
1222 2807 1388 2887 sanguinis

122 2913 231 2975 leserit
255 2925 286 2974 et
310 2911 535 2973 vulneraverit.

228 3035 305 3097 Item
323 3035 412 3117 quod
437 3035 512 3116 quia
540 3055 671 3097 consors
703 3036 857 3117 Stephani
889 3037 965 3098 dicti
990 3037 1157 3120 Mylogled
1182 3057 1275 3099 suurn
1301 3037 1383 3117 jura·

119 3156 265 3204 mentum
302 3143 449 3225 superius
485 3162 668 3224 expressum
702 3144 863 3224 deponere
899 3144 1020 3206 debens
1055 3159 1165 3205 contra
1201 3158 1383 3207 consortem

120 3247 256 3329 Georgii
282 3248 443 3331 (deposuit
468 3248 539 3330 ...)

228 3372 307 3434 Item
339 3372 427 3453 quod
460 3373 535 3454 quia
568 3392 697 3434 consors
730 3373 862 3455 Georgii
893 3375 969 3435 dicti
1002 3375 1148 3458 Sydouin
1174 3395 1269 3438 suurn
1303 3375 1385 3454 jura·

120 3492 267 3540 mentum
293 3493 402 3540 contra
427 3492 609 3541 consortem
627 3480 781 3562 Stephani
807 3481 880 3543 dicti
900 3482 1066 3564 Mylogled
1085 3482 1249 3564 deponere
1267 3481 1388 3543 debens

120 3604 189 3648 non
213 3585 373 3668 deposuit,
397 3586 472 3648 ideo
497 3587 564 3668 ipsa
590 3586 722 3649 domina
746 3608 877 3649 consors
897 3588 1029 3669 Georgii
1056 3589 1201 3671 Sydouin
1229 3588 1311 3649 dicte
1330 3587 1387 3648 do-

118 3692 209 3753 mine
234 3693 373 3754 consorti
399 3693 498 3775 ipsius
522 3693 677 3775 Stephani
707 3694 820 3776 viginti
845 3695 989 3775 quinque
1016 3714 1143 3764 ‚marcas
1167 3714 1269 3775 usque
1294 3694 1388 3775 quin-

120 3799 223 3859 denas
246 3798 371 3861 solvere
395 3799 491 3861 debet
515 3813 546 3861 et
569 3813 693 3862 tantum
719 3800 805 3862 idem
829 3801 927 3881 judici
953 3815 983 3864 et
1007 3801 1126 3881 juratis.

228 3921 307 3984 Item
332 3923 470 3985 Mathias
495 3922 615 4003 juratus
640 3938 671 3985 et
694 3924 856 3986 lohannes
885 3926 1022 3987 Pazarch
1048 3939 1158 3988 contra
1182 3946 1215 3987 se
1240 3926 1388 3988 universa

117 4029 189 4109 jura
213 4029 246 4090 in
270 4027 355 4091 facto
379 4029 545 4091 cuiusdam
570 4027 662 4091 fundi
687 4030 719 4090 in
745 4031 849 4113 primo
866 4031 987 4111 judicio
1011 4033 1187 4114 producere
1212 4032 1340 4095 debent.

227 4151 306 4214 Item
324 4152 461 4215 Mathias
484 4153 606 4232 juratus
630 4155 661 4215 In
679 4155 784 4235 primo
809 4154 929 4234 judicio
953 4175 1010 4237 per
1026 4170 1121 4217 testes
1137 4156 1263 4219 atestari
1281 4155 1387 4233 debet,

116 4258 208 4342 quod
244 4257 404 4341 Georgius
442 4274 544 4322 sartor
583 4261 745 4341 quandam
789 4275 958 4342 cognatam
993 4283 1085 4324 suam
1125 4264 1312 4344 captivasset
1357 4273 1388 4321 et

115 4365 299 4449 spoliasset.

227 4490 306 4553 Item
330 4491 482 4553 Marenus
515 4491 653 4553 condam
685 4491 806 4571 juratus
838 4508 953 4556 octavo
978 4495 1030 4556 die
1062 4515 1157 4576 super
1188 4516 1227 4556 eo
1259 4495 1387 4575 jurabit,

115 4596 209 4680 quod
233 4597 300 4679 ipse
325 4598 481 4679 quasdam
505 4598 615 4659 literas
640 4599 735 4661 Blasii
765 4598 917 4662 aurifabri
950 4601 1087 4662 restituit
1111 4615 1142 4663 et
1166 4600 1279 4662 eedem
1304 4602 1385 4662 circa

115 4705 226 4785 ipsum
251 4723 317 4765 non
342 4704 488 4767 existant.
