3404 5362
478 355 563 411 Anno
585 363 671 430 1377.
696 387 732 395 -
760 367 810 429 23.
827 355 920 428 junii.
1295 372 1333 432 95

87 459 643 466 ————-—-.——-.—.--—...—-.-›
668 460 730 466 -ι-
752 461 757 465 .
882 461 917 466 .-
987 461 1017 466 ..-
1202 460 1233 465 ,-.

177 563 252 624 Item
278 563 433 625 Nicolaus
458 563 542 625 filius
566 565 722 625 Martinus
752 578 861 625 contra
893 564 1063 625 dominum
1088 563 1252 623 Donatum
1283 581 1335 623 oc-

85 681 147 730 tavo
172 669 223 731 die
248 689 344 752 super
368 669 524 731 divisione
549 670 797 751 possessionaria
820 671 919 753 ipsius
943 670 1066 731 domini
1092 670 1209 731 Donati
1233 684 1264 730 et
1279 689 1336 730 sue

82 775 190 840 sororis
213 775 294 856 jura,
319 776 344 837 si
369 795 433 857 qua
457 776 614 854 habuerit,
639 777 816 858 producere
840 777 979 838 debebit.

173 881 253 943 Item
278 882 432 943 Nicolaus
455 897 565 944 contra
592 882 770 964 Georgium
799 902 989 945 assessorem
1019 883 1124 965 primo
1142 882 1254 944 citatus
1271 902 1336 943 non

79 1002 260 1071 comparuit.

175 1092 254 1154 Item
280 1093 473 1156 Benedictus
497 1093 638 1156 carnifex
663 1108 772 1155 contra
798 1094 971 1155 Martinum
1001 1093 1170 1175 Zequirich
1194 1093 1336 1155 secundo

78 1199 180 1261 citatus
204 1218 271 1262 non
300 1200 489 1282 comparuit.

100 1435 193 1508 lesia
222 1453 321 1510 sexta
349 1441 504 1528 proxima
541 1447 617 1526 post
654 1438 776 1510 testum
805 1437 980 1510 beatorum
1009 1439 1078 1510 Viti
1107 1445 1141 1510 et
1170 1437 1309 1509 Modesti

607 1564 799 1632 martirum.

611 1738 679 1813 (19.
697 1735 801 1809 junia).

175 1890 286 1952 Primo
311 1891 528 1972 possessiones
563 1892 705 1973 magistri
738 1891 863 1953 Nicolai
893 1890 950 1952 filii
982 1890 1156 1951 Alexandri
1187 1891 1247 1952 sibi
1279 1911 1336 1973 per

82 1997 241 2077 magistros
265 1997 447 2076 Nicolaum,
472 1997 672 2080 Stephanum
704 2012 734 2058 et
763 1996 899 2058 Mathias
930 2016 1005 2056 suos
1029 1996 1113 2057 filios
1136 1997 1270 2058 donatas
1303 2009 1335 2057 et

81 2120 125 2163 sue
151 2102 282 2184 conjugi
307 2105 503 2185 conscriptas
519 2105 689 2165 statuimus
709 2102 918 2185 possidendas
935 2078 1136 2164 ettenendas
1160 2103 1192 2163 in
1217 2102 1335 2183 quibus

84 2226 157 2269 nunc
182 2208 381 2289 dignoscitur
405 2210 548 2289 existere,
572 2211 646 2290 quia
671 2230 839 2290 nunquam
871 2209 955 2270 idem
981 2210 1130 2289 magister
1155 2208 1336 2291 Stephanus

80 2331 255 2397 comparere
280 2317 402 2377 curavit
426 2336 484 2378 nec
507 2336 563 2377 sua
587 2315 655 2396 jura
680 2316 856 2398 producere
891 2327 1000 2376 contra
1026 2316 1211 2396 magistrum
1239 2314 1334 2375 Nico·

81 2416 158 2480 laum
183 2420 373 2502 predictum.

172 2527 252 2588 ltem
277 2526 438 2608 Georgius
470 2528 613 2589 literatus
645 2542 753 2589 contra
785 2542 940 2590 textorem
973 2529 1078 2609 primo
1121 2527 1234 2589 citatus
1269 2546 1334 2588 non

78 2633 258 2715 comparuit.

173 2741 251 2801 ltem
267 2740 384 2801 Paulas
408 2755 517 2802 contra
542 2740 719 2801 lwaninum
744 2739 886 2801 secundo
915 2740 1028 2801 citatus
1052 2759 1117 2800 non
1143 2737 1334 2821 comparuit.

173 2847 252 2908 ltem
276 2846 477 2928 Dragozlaus
501 2859 611 2908 contra
636 2847 812 2928 Symonem
845 2845 987 2908 secundo
1019 2846 1132 2908 citatus
1156 2864 1222 2905 non
1248 2864 1336 2905 com·

74 2954 182 3034 paruit.

173 3059 251 3121 ltem
277 3045 403 3142 Cupich
428 3074 538 3120 contra
562 3058 724 3120 Vidonem
748 3072 862 3119 octavo
887 3057 937 3118 die
963 3057 1180 3138 respondebit.

171 3165 248 3227 ltern
274 3185 368 3227 causa
401 3163 532 3246 Georgii
565 3164 682 3226 literati
707 3177 737 3225 et
769 3163 924 3225 Johannis
956 3163 1097 3225 Chemer
1119 3176 1166 3224 est
1196 3182 1252 3244 per
1284 3160 1332 3241 ju-

68 3272 171 3333 dicem
195 3272 235 3333 ad
261 3286 334 3333 octo
359 3270 427 3332 dies
451 3285 621 3353 prorogata
645 3272 705 3332 sub
729 3268 831 3331 forma
857 3268 961 3331 fiende
987 3270 1082 3350 pacis.

173 3396 251 3457 ltem
277 3395 424 3457 Thomas
448 3395 480 3456 in
504 3394 677 3475 quindenis
701 3394 837 3456 Nicolao
869 3394 948 3454 duas
980 3414 1101 3455 marcas
1125 3393 1277 3471 exsolvet,
1304 3405 1335 3453 et

65 3502 151 3564 idem
178 3500 325 3564 Thomas
349 3515 457 3563 contra
483 3498 681 3582 Stephanum
707 3520 771 3561 non
797 3500 921 3578 juravit.

173 3607 251 3669 ltem
276 3606 421 3668 Thomas
445 3621 533 3668 sutor
557 3621 666 3667 contra
692 3607 827 3668 Paulum
852 3605 978 3667 fabrum
1003 3605 1107 3687 primo
1127 3605 1241 3667 citatus
1268 3624 1333 3665 non

63 3714 257 3795 comparuit.

174 3820 251 3881 Item
284 3824 379 3880 Anna
411 3819 528 3881 mulier
559 3819 694 3881 Lucasio
726 3818 793 3879 filio
826 3818 930 3880 Draxe
963 3819 994 3879 in
1028 3818 1201 3899 quindenis
1233 3837 1331 3879 unam

63 3946 206 3989 marcam
232 3925 346 3989 solvet.

174 4031 252 4094 Item
290 4029 439 4113 Zitarych
470 4045 579 4093 contra
613 4030 748 4114 Mykech
782 4030 959 4091 institorem
985 4030 1089 4112 primo
1121 4030 1233 4091 citatus
1265 4049 1331 4090 non

63 4139 257 4222 comparuit.

63 4360 166 4434 Faria
187 4359 463 4432 terciavidelicet
479 4360 511 4430 in
526 4358 645 4447 vigilia
662 4358 860 4430 Natiuitatis
880 4358 969 4428 beati
989 4356 1152 4446 Johannis
1173 4356 1335 4445 Baptiste.

612 4542 674 4605 (23.
691 4528 796 4603 junci).

180 4689 288 4751 Primo
312 4687 475 4750 lohannes
506 4706 642 4767 magnus
673 4699 782 4747 contra
817 4685 923 4748 Mathe
947 4686 1130 4767 ensiparum
1164 4685 1268 4767 primo
1293 4684 1335 4745 ci-

61 4811 154 4861 tatus
178 4815 241 4857 non
267 4794 456 4877 comparuit.
