3404 5362
527 353 723 428 Anno1377.
750 383 790 393 -
814 366 865 412 20.
883 353 1043 427 februarii.
1379 376 1421 439 77

258 562 335 623 Item
361 563 531 625 statuimus
554 574 711 644 perpetuo
734 560 935 642 duraturum,
959 563 1047 645 quod
1078 562 1241 625 carnifices
1265 585 1282 625 a
1306 565 1417 627 cerdo·

155 669 247 730 nibus
270 668 323 731 vel
347 682 434 731 cutes
451 668 666 731 vendentibus
690 666 876 730 hominibus
893 667 1074 730 forensibus
1091 669 1196 732 nullas
1209 683 1297 733 cutes
1314 691 1421 734 emere

153 774 292 836 audeant
315 794 374 837 nec
397 786 650 857 presumpmsnt‚
674 773 735 835 nisi
760 772 887 853 ferinas,
912 794 970 836 nec
999 774 1030 835 in
1056 773 1138 854 foro,
1163 795 1220 838 uec
1245 776 1421 854 descensu;

157 879 245 960 quod
268 880 294 940 si
318 880 392 961 quis
415 893 525 943 contra
542 891 650 941 nostra
674 891 790 941 statuta
808 877 917 942 fecerit
940 895 995 942 aut
1011 899 1091 942 ausu
1106 882 1277 944 temerario
1294 897 1418 945 contra·
1475 950 1478 955 ,

155 985 278 1048 venerit
301 987 333 1046 in
359 986 521 1072 primouin
545 985 708 1067 sexaginta
733 984 881 1063 denariis,
907 985 937 1047 in
959 986 1101 1048 secundo
1118 986 1158 1047 Ill
1182 1006 1296 1069 pensas
1319 987 1418 1050 dena-

156 1092 277 1154 riorum
302 1105 334 1155 et
357 1092 389 1154 in
414 1092 524 1171 tercio,
548 1105 584 1154 ut
606 1091 796 1173 premissum
823 1104 869 1154 est
893 1091 925 1153 in
949 1091 1022 1154 aliis
1044 1092 1180 1172 statutis,
1205 1092 1341 1155 eandem
1366 1113 1420 1176 pe·

154 1217 229 1259 nam
254 1199 409 1281 paciatur.

259 1305 339 1367 Item
372 1305 543 1368 statuimus
567 1304 656 1386 quod
679 1317 805 1367 sutores
836 1305 985 1367 subaolea
1009 1319 1041 1368 et
1070 1306 1222 1387 prepedis
1246 1306 1422 1370 vendentes

154 1412 337 1475 nullatenus
359 1430 450 1473 secus
473 1410 621 1472 subsoles
645 1410 784 1472 vendere
803 1424 1043 1494 presumpmant
1068 1430 1125 1492 pro
1143 1410 1329 1473 hominibus
1352 1432 1421 1475 ma-

156 1516 277 1599 joribus
301 1537 418 1600 magna
442 1529 473 1579 et
497 1518 583 1578 bona
606 1516 667 1578 nisi
692 1534 751 1599 pro
783 1517 928 1598 quinque
960 1516 1100 1579 denariis
1124 1531 1155 1579 et
1177 1517 1331 1600 prepedia
1362 1537 1421 1600 pro

156 1643 206 1685 aex
233 1623 392 1701 denariis;
416 1623 540 1684 minora
565 1635 671 1684 autem
690 1622 842 1705 prepedia
859 1636 890 1686 et
912 1623 1060 1685 subsolea
1085 1637 1180 1706 prout
1204 1623 1309 1684 visum
1325 1622 1422 1685 fucrit
1492 1642 1495 1648 ·

156 1729 344 1810 quantitate,
366 1730 426 1791 sub
450 1748 532 1811 pena
556 1728 710 1811 predicta.

258 1836 337 1897 Item
360 1835 532 1898 statuimus
554 1847 711 1918 perpetuo
735 1834 983 1914 observandum,
1009 1835 1097 1916 quod
1121 1835 1229 1896 nullus
1253 1834 1418 1899 fabrorum

157 1962 256 2023 equos
279 1941 517 2020 sufferentium,
541 1940 720 2022 quemlibet
744 1960 863 2022 equum
888 1961 954 2004 non
987 1942 1091 2003 maius
1115 1942 1175 2004 nisi
1199 1962 1258 2024 pro
1282 1943 1339 2005 xit
1364 1944 1419 2006 de·

156 2047 250 2109 uariis
275 2060 415 2129 quatuor
431 2047 530 2130 pedes
553 2047 703 2108 sufferare
719 2047 837 2109 audeat
860 2066 918 2109 nec
935 2062 1154 2130 presumpmat
1170 2062 1235 2110 tam
1260 2049 1420 2111 maiorum

155 2172 250 2233 qusm
274 2153 438 2216 minorum
462 2154 522 2215 sub
545 2173 628 2236 pena
653 2154 838 2236 prescripta.

154 2505 251 2584 Nota
280 2508 375 2607 quod
404 2530 498 2582 anno
523 2507 655 2583 domini
684 2507 871 2583 millesimo
902 2505 1101 2584 CCCLXX
1128 2510 1296 2608 septimo,
1327 2516 1418 2585 tem·

153 2653 242 2730 pore
266 2629 447 2729 judicatus
478 2631 610 2706 domini
639 2629 820 2707 Francisci
853 2629 912 2706 filii
940 2628 1042 2706 Mark
1071 2632 1240 2707 acciones
1269 2656 1418 2708 causan-

481 2755 573 2830 cium
600 2754 828 2855 infrascripte
857 2755 1087 2831 denotantur.

295 3005 392 3081 Ferin
419 3017 519 3081 sexta
546 3012 702 3099 proxima
738 3016 815 3100 post
851 3010 1052 3081 dominicam
1090 3010 1272 3081 Invocavit.

659 3166 723 3238 (20.
739 3161 918 3238 februaris).

259 3303 368 3366 Primo
392 3303 477 3365 lwsn
495 3301 646 3365 Zirothke
663 3316 772 3365 contra
797 3303 967 3365 Nicolaum
985 3303 1157 3384 Hlebopek
1175 3303 1280 3385 primo
1303 3304 1417 3365 citatus

155 3429 219 3473 non
245 3409 435 3492 comparuit.

258 3517 335 3579 Item
360 3515 468 3578 Mathe
492 3530 603 3578 contra
628 3516 755 3578 Petrum
780 3515 885 3598 primo
909 3515 1023 3577 citatus
1048 3533 1112 3576 non
1138 3515 1328 3597 comparuit.

260 3622 337 3685 Item
372 3623 463 3684 Mark
497 3621 582 3684 filius
617 3621 786 3684 Chernech
829 3620 905 3682 dicti
945 3621 1048 3682 Putsu
1084 3633 1193 3682 contra
1229 3621 1418 3701 magistrum

155 3727 291 3791 Paulum
315 3728 421 3811 primo
444 3728 558 3791 citatus
582 3746 647 3790 non
672 3727 861 3809 comparuit.

259 3834 337 3897 Item
363 3834 526 3897 Johannes
541 3833 627 3896 filius
644 3834 789 3896 Domkus
813 3845 922 3894 contra
940 3831 1118 3914 Georgium
1141 3844 1296 3895 sartorem
1312 3834 1418 3915 primo

155 3940 268 4004 citatus
291 3959 357 4003 non
385 3939 576 4022 comparuit.

260 4047 338 4109 ltem
363 4046 557 4109 Benedictus
580 4044 742 4128 Scarnych
767 4056 877 4107 contra
902 4043 1076 4106 Bedicham
1101 4044 1206 4127 primo
1223 4043 1335 4105 citatus
1352 4065 1418 4108 non

156 4152 343 4233 comparuit.

259 4257 338 4320 Item
362 4257 529 4321 Emericus
552 4271 660 4320 contra
693 4257 822 4319 Petrum
854 4256 959 4338 primo
999 4255 1114 4318 citatus
1137 4275 1203 4318 nou
1227 4257 1418 4340 comparuit.

259 4363 339 4427 item
363 4363 540 4446 Gregorius
563 4364 689 4426 institor
720 4377 751 4424 et
775 4361 976 4444 Margaretha
1001 4374 1109 4424 contra
1142 4362 1301 4425 Jancbech
1334 4363 1418 4426 auri-

156 4467 280 4532 fabrum
303 4469 409 4553 primo
436 4470 522 4532 citati
547 4490 612 4532 non
636 4481 895 4553 comparuerunt.

259 4575 339 4638 item
364 4575 475 4639 Sibich
499 4589 530 4638 et
553 4575 715 4638 Johannes
739 4575 838 4637 Pazar
861 4588 970 4636 contra
996 4575 1087 4636 Mark
1110 4574 1215 4657 primo
1240 4573 1326 4636 citati
1352 4593 1416 4636 non

158 4697 414 4765 comparuerunt.
952 4664 956 4671 ⁵
1129 4736 1133 4746 .

259 4789 339 4854 item
362 4789 518 4853 Nicolsus
539 4802 651 4852 contra
674 4788 849 4851 Martinum
873 4787 979 4870 primo
1003 4787 1117 4849 citstus
1140 4805 1205 4848 non
1227 4783 1407 4866 comparuit
