3404 5362
320 529 398 590 item
431 530 564 589 domina
595 530 718 589 Mitem
749 544 860 589 contra
895 529 1032 589 Paulum
1063 529 1228 590 literatum
1252 530 1364 611 primo
1394 532 1480 592 citata

213 657 280 698 non
303 638 494 717 comparuit.

324 742 402 802 item
427 740 589 821 Georglus
606 741 712 805 [oter.
736 741 904 822 Phiiippus
920 742 1055 800 inuitus
1071 740 1247 801 Ztrebeme
1271 756 1305 802 et
1323 742 1480 804 iohannes

215 846 301 908 filius
324 849 402 908 lane
426 864 537 909 contra
561 847 766 909 Clementem
799 844 980 907 carnificem
1009 847 1116 928 primo
1147 848 1235 908 citati
1261 868 1330 909 non
1355 869 1481 931 compa·

215 971 358 1017 ruerunt.

322 1062 400 1122 item
425 1082 519 1122 causa
543 1062 675 1120 demine
699 1061 808 1120 relicte
832 1061 959 1121 Nicoiai
983 1059 1044 1120 tuti
1068 1076 1180 1121 contra
1204 1076 1392 1121 consortem
1417 1060 1484 1122 Cri·

216 1168 303 1228 stlini
327 1169 367 1228 ad
392 1167 504 1227 feriam
529 1182 650 1228 sextam
674 1182 721 1226 est
743 1182 926 1246 prorogata.

322 1274 401 1336 item
436 1294 529 1334 caesa
562 1272 716 1353 Stephani
749 1288 861 1333 contra
892 1273 1060 1333 t'rbanum
1084 1272 1124 1332 ad
1157 1288 1311 1334 octavum
1336 1274 1425 1336 diem
1448 1274 1485 1336 ad

216 1401 330 1461 pacem
354 1396 401 1441 est
424 1397 560 1460 recepa.

324 1487 401 1548 Item
427 1487 538 1547 Petrus
570 1500 658 1546 sutor
689 1502 799 1546 contra
831 1486 1012 1546 fabianum
1044 1487 1206 1547 literatum
1230 1488 1339 1568 primo
1371 1487 1485 1548 citatus

217 1614 281 1656 non
315 1594 506 1675 comparuit.

325 1698 404 1760 item
430 1699 623 1760 Benedictus
655 1714 770 1760 octavo
799 1699 851 1759 die
882 1719 938 1780 per
962 1714 1144 1759 consortem
1177 1700 1297 1760 Marias
1321 1715 1352 1760 et
1378 1699 1485 1761 Mathe

217 1805 279 1867 hoc
303 1807 462 1881 mutabit,
486 1790 575 1887 quod
606 1806 666 1865 sibi
693 1806 800 1865 Mathe
825 1822 926 1865 sartor
956 1806 1120 1884 quendam
1145 1807 1268 1887 palium
1300 1807 1483 1888 perluserit.

326 1913 403 1974 Item
428 1912 559 1973 Barthol
583 1928 692 1973 contra
718 1912 859 1972 iaketich
889 1912 995 1993 primo
1019 1912 1133 1972 citatus
1156 1932 1222 1972 non
1247 1912 1441 1994 comparuit.

323 2018 401 2080 Item
433 2017 594 2098 Georgius
625 2019 720 2079 [oter
752 2034 861 2078 contra
892 2017 1073 2078 iohannem
1096 2018 1197 2078 Vesus
1228 2019 1335 2100 primo
1367 2019 1482 2081 citatus

219 2146 284 2186 non
308 2127 498 2208 comparuit.

324 2234 402 2294 item
436 2233 577 2294 Briccius
604 2231 734 2311 seiiipar
765 2246 875 2291 contra
901 2231 1108 2311 Dragonyum
1140 2231 1245 2312 primo
1279 2231 1397 2292 citatus
1424 2250 1488 2292 non

219 2341 408 2423 comparuit.

327 2447 404 2508 item
436 2446 588 2507 Nicolaus
619 2445 723 2504 dictus
748 2444 890 2525 Rossych
914 2458 1030 2504 omas-o
1053 2444 1105 2503 die
1137 2444 1236 2504 tercio
1267 2464 1300 2503 se
1325 2463 1424 2526 super
1449 2463 1487 2505 eo

220 2555 347 2634 jurabit,
371 2554 459 2633 quod
484 2554 550 2632 ipse
577 2549 785 2611 Lourandum
810 2570 876 2610 non
904 2552 1110 2612 verberasset.

326 2659 404 2719 {tem
429 2657 588 2736 Georgius
610 2658 704 2716 [oter
728 2672 842 2716 octavo
866 2655 918 2717 die
934 2676 1030 2737 super
1053 2676 1093 2717 eo
1118 2657 1245 2733 jurabit,
1269 2657 1359 2738 quod
1379 2658 1485 2739 ipsum

222 2768 384 2829 Johannes
407 2764 491 2825 filius
516 2764 633 2824 Donati
659 2763 867 2824 vulnerasset.

373 2984 469 3057 feria
499 2988 604 3056 tercia
632 2987 786 3074 proxima
815 2994 892 3053 ante
919 2983 1043 3054 festum
1071 2984 1160 3053 beati
1190 2981 1336 3053 Erasmi.

763 3148 809 3214 (2.
825 3136 935 3212 junii).

330 3278 408 3340 {tem
441 3299 534 3339 causa
558 3278 737 3340 Clementis
767 3276 924 3338 carnificis
947 3291 1056 3338 contra
1090 3278 1186 3337 Loter
1209 3275 1404 3359 Georgium,
1437 3280 1488 3341 Jo-

224 3385 364 3446 bannem
389 3385 524 3466 figulum
549 3401 579 3446 et
604 3385 767 3466 Philipum
793 3383 928 3465 figulum
958 3385 998 3444 ad
1023 3398 1172 3444 octavum
1196 3383 1284 3444 diem
1309 3385 1350 3444 ad
1376 3405 1488 3466 pacem

226 3506 272 3553 est
296 3508 432 3573 recepta.

332 3597 408 3659 ltem
434 3618 528 3659 causa
562 3599 646 3658 iwan
678 3613 786 3658 contra
819 3597 999 3659 Iohannem
1031 3598 1192 3658 literatum
1224 3597 1305 3679 (per)
1328 3613 1427 3662 testes
1451 3600 1489 3663 ad

226 3719 375 3766 octavum
400 3704 485 3766 diem
511 3704 551 3764 ad
576 3724 687 3786 pacem
712 3719 758 3763 est
782 3718 963 3785 prorogata.

334 3811 409 3873 Item
436 3811 503 3870 Juri
528 3811 668 3871 salivena
701 3824 810 3871 contra
836 3811 1006 3871 Nicolaum
1038 3826 1179 3872 sutorem
1203 3812 1347 3872 secundo
1379 3813 1492 3876 citatus

227 3939 291 3981 non
317 3918 506 3999 comparuit.

338 4024 415 4085 Item
439 4023 601 4085 lohannes
625 4023 720 4085 frater
737 4024 849 4084 Kauite
873 4037 982 4084 contra
1001 4022 1211 4084 Benedictum
1236 4037 1353 4085 octavo
1376 4026 1429 4087 die
1446 4046 1492 4087 re-

227 4131 409 4216 spondebit.

336 4240 413 4300 item
437 4258 529 4301 causa
556 4238 644 4299 Pauli
677 4253 787 4300 contra
813 4235 928 4298 Mahen
955 4237 994 4296 ad
1028 4250 1178 4298 octavum
1203 4237 1288 4298 diem
1315 4237 1355 4298 ad
1381 4259 1492 4321 pacem

230 4360 275 4408 est
300 4359 435 4428 recepta.

336 4451 413 4513 {tem
439 4470 532 4511 causa
557 4450 765 4532 Dragchycha
794 4463 903 4510 contra
928 4448 1035 4511 Mathe
1067 4450 1244 4512 salivenam
1277 4451 1317 4512 ad
1342 4465 1493 4514 octavum

231 4558 317 4619 diem
342 4557 381 4618 ad
407 4577 517 4639 pacem
542 4570 589 4618 est
619 4571 753 4638 recepta.

337 4664 415 4725 Item
441 4664 524 4724 istan
550 4663 766 4744 carpentarius
790 4676 898 4726 contra
924 4665 1087 4726 Thomarn
1112 4665 1254 4726 secundo
1283 4665 1398 4727 citatus
1429 4686 1492 4728 uon

233 4769 422 4851 comparuit.
