<?xml version="1.0" encoding="UTF-8"?>
<!DOCTYPE html PUBLIC "-//W3C//DTD XHTML 1.0 Transitional//EN"
    "http://www.w3.org/TR/xhtml1/DTD/xhtml1-transitional.dtd">
<html xmlns="http://www.w3.org/1999/xhtml" xml:lang="en" lang="en">
 <head>
  <title>
</title>
<meta http-equiv="Content-Type" content="text/html;charset=utf-8" />
  <meta name='ocr-system' content='tesseract 3.04.00' />
  <meta name='ocr-capabilities' content='ocr_page ocr_carea ocr_par ocr_line ocrx_word'/>
</head>
<body>
  <div class='ocr_page' id='page_1' title='image "./monumentahistor04laszgoog/monumentahistor04laszgoog_0250.png"; bbox 0 0 3404 5362; ppageno 0'>
   <div class='ocr_carea' id='block_1_1' title="bbox 619 350 1471 431">
    <p class='ocr_par' dir='ltr' id='par_1_1' title="bbox 619 350 1471 431">
     <span class='ocr_line' id='line_1_1' title="bbox 619 350 1471 431; baseline 0.002 -19"><span class='ocrx_word' id='word_1_1' title='bbox 619 355 706 413; x_wconf 82' lang='lat' dir='ltr'><strong>Anno</strong></span> <span class='ocrx_word' id='word_1_2' title='bbox 729 350 821 431; x_wconf 76' lang='lat'><em>1383.</em></span> <span class='ocrx_word' id='word_1_3' title='bbox 848 387 887 397; x_wconf 94' lang='lat'>-</span> <span class='ocrx_word' id='word_1_4' title='bbox 914 350 945 413; x_wconf 88' lang='lat'><strong>6.</strong></span> <span class='ocrx_word' id='word_1_5' title='bbox 961 355 1054 430; x_wconf 77' lang='lat' dir='ltr'><strong>junii.</strong></span> <span class='ocrx_word' id='word_1_6' title='bbox 1414 371 1471 415; x_wconf 85' lang='lat'><strong>201</strong></span> 
     </span>
    </p>
   </div>
   <div class='ocr_carea' id='block_1_2' title="bbox 210 563 1479 2030">
    <p class='ocr_par' dir='ltr' id='par_1_2' title="bbox 210 563 1478 756">
     <span class='ocr_line' id='line_1_2' title="bbox 316 563 1478 648; baseline -0.003 -19"><span class='ocrx_word' id='word_1_7' title='bbox 316 567 395 629; x_wconf 85' lang='lat' dir='ltr'>Item</span> <span class='ocrx_word' id='word_1_8' title='bbox 419 587 514 629; x_wconf 89' lang='lat' dir='ltr'><strong>causa</strong></span> <span class='ocrx_word' id='word_1_9' title='bbox 548 566 718 629; x_wconf 90' lang='lat' dir='ltr'><strong>Gerardini</strong></span> <span class='ocrx_word' id='word_1_10' title='bbox 751 578 860 628; x_wconf 89' lang='lat' dir='ltr'><strong>contra</strong></span> <span class='ocrx_word' id='word_1_11' title='bbox 886 566 1062 648; x_wconf 88' lang='lat' dir='ltr'><strong>Symonem</strong></span> <span class='ocrx_word' id='word_1_12' title='bbox 1087 563 1189 626; x_wconf 90' lang='lat' dir='ltr'><strong>filium</strong></span> <span class='ocrx_word' id='word_1_13' title='bbox 1223 565 1414 647; x_wconf 87' lang='lat' dir='ltr'><strong>Chepernye</strong></span> <span class='ocrx_word' id='word_1_14' title='bbox 1437 564 1478 626; x_wconf 89' lang='lat' dir='ltr'><strong>ad</strong></span> 
     </span>
     <span class='ocr_line' id='line_1_3' title="bbox 210 673 753 756; baseline -0.004 -21"><span class='ocrx_word' id='word_1_15' title='bbox 210 688 362 737; x_wconf 89' lang='lat' dir='ltr'><strong>octavum</strong></span> <span class='ocrx_word' id='word_1_16' title='bbox 386 673 472 735; x_wconf 90' lang='lat' dir='ltr'><strong>diem</strong></span> <span class='ocrx_word' id='word_1_17' title='bbox 497 686 544 734; x_wconf 88' lang='lat' dir='ltr'><strong>est</strong></span> <span class='ocrx_word' id='word_1_18' title='bbox 571 686 753 756; x_wconf 87' lang='lat' dir='ltr'><strong>prorogata.</strong></span> 
     </span>
    </p>

    <p class='ocr_par' dir='ltr' id='par_1_3' title="bbox 211 774 1478 1074">
     <span class='ocr_line' id='line_1_4' title="bbox 316 774 1478 860; baseline -0.002 -20"><span class='ocrx_word' id='word_1_19' title='bbox 316 780 395 843; x_wconf 85' lang='lat' dir='ltr'>Item</span> <span class='ocrx_word' id='word_1_20' title='bbox 428 779 641 858; x_wconf 84' lang='lat' dir='ltr'><strong>fideiussores,</strong></span> <span class='ocrx_word' id='word_1_21' title='bbox 674 779 729 860; x_wconf 90' lang='lat' dir='ltr'><strong>qui</strong></span> <span class='ocrx_word' id='word_1_22' title='bbox 753 792 868 840; x_wconf 89' lang='lat' dir='ltr'><strong>sunta</strong></span> <span class='ocrx_word' id='word_1_23' title='bbox 894 778 979 840; x_wconf 91' lang='lat' dir='ltr'><strong>lwan</strong></span> <span class='ocrx_word' id='word_1_24' title='bbox 1004 776 1072 840; x_wconf 89' lang='lat' dir='ltr'><strong>filio</strong></span> <span class='ocrx_word' id='word_1_25' title='bbox 1106 778 1225 856; x_wconf 81' lang='lat' dir='ltr'>Mathe,</span> <span class='ocrx_word' id='word_1_26' title='bbox 1250 777 1386 839; x_wconf 92' lang='lat' dir='ltr'><strong>Nicolao</strong></span> <span class='ocrx_word' id='word_1_27' title='bbox 1410 774 1478 838; x_wconf 89' lang='lat' dir='ltr'><strong>filio</strong></span> 
     </span>
     <span class='ocr_line' id='line_1_5' title="bbox 211 883 1478 968; baseline -0.005 -19"><span class='ocrx_word' id='word_1_28' title='bbox 211 886 338 949; x_wconf 89' lang='lat' dir='ltr'><strong>Odolas</strong></span> <span class='ocrx_word' id='word_1_29' title='bbox 362 906 462 968; x_wconf 91' lang='lat' dir='ltr'><strong>usque</strong></span> <span class='ocrx_word' id='word_1_30' title='bbox 487 886 669 968; x_wconf 90' lang='lat' dir='ltr'><strong>quindenas</strong></span> <span class='ocrx_word' id='word_1_31' title='bbox 685 886 787 968; x_wconf 84' lang='lat' dir='ltr'>ipsam</span> <span class='ocrx_word' id='word_1_32' title='bbox 811 884 1053 947; x_wconf 88' lang='lat' dir='ltr'><strong>fideiussionem</strong></span> <span class='ocrx_word' id='word_1_33' title='bbox 1070 884 1195 946; x_wconf 89' lang='lat' dir='ltr'><strong>solvere</strong></span> <span class='ocrx_word' id='word_1_34' title='bbox 1220 884 1339 946; x_wconf 93' lang='lat' dir='ltr'><strong>debent</strong></span> <span class='ocrx_word' id='word_1_35' title='bbox 1357 883 1478 963; x_wconf 85' lang='lat' dir='ltr'><strong>absque</strong></span> 
     </span>
     <span class='ocr_line' id='line_1_6' title="bbox 211 989 1478 1074; baseline -0.002 -20"><span class='ocrx_word' id='word_1_36' title='bbox 211 993 320 1074; x_wconf 89' lang='lat' dir='ltr'><strong>aliqua</strong></span> <span class='ocrx_word' id='word_1_37' title='bbox 337 992 481 1054; x_wconf 91' lang='lat' dir='ltr'><strong>ulteriori</strong></span> <span class='ocrx_word' id='word_1_38' title='bbox 492 992 664 1071; x_wconf 80' lang='lat' dir='ltr'><strong>dilacione,</strong></span> <span class='ocrx_word' id='word_1_39' title='bbox 678 991 828 1053; x_wconf 90' lang='lat' dir='ltr'><strong>videlicet</strong></span> <span class='ocrx_word' id='word_1_40' title='bbox 840 992 896 1073; x_wconf 91' lang='lat' dir='ltr'><strong>qui</strong></span> <span class='ocrx_word' id='word_1_41' title='bbox 910 1007 983 1053; x_wconf 90' lang='lat' dir='ltr'><strong>sunt</strong></span> <span class='ocrx_word' id='word_1_42' title='bbox 999 991 1141 1073; x_wconf 89' lang='lat' dir='ltr'><strong>inscripti</strong></span> <span class='ocrx_word' id='word_1_43' title='bbox 1156 992 1187 1052; x_wconf 93' lang='lat' dir='ltr'><strong>in</strong></span> <span class='ocrx_word' id='word_1_44' title='bbox 1202 991 1340 1072; x_wconf 87' lang='lat' dir='ltr'><strong>quadam</strong></span> <span class='ocrx_word' id='word_1_45' title='bbox 1355 989 1478 1051; x_wconf 91' lang='lat' dir='ltr'><strong>cedula.</strong></span> 
     </span>
    </p>

    <p class='ocr_par' dir='ltr' id='par_1_4' title="bbox 210 1095 1479 1287">
     <span class='ocr_line' id='line_1_7' title="bbox 316 1095 1479 1179; baseline -0.003 -19"><span class='ocrx_word' id='word_1_46' title='bbox 316 1098 395 1160; x_wconf 87' lang='lat' dir='ltr'><strong>ltem</strong></span> <span class='ocrx_word' id='word_1_47' title='bbox 421 1099 585 1160; x_wconf 86' lang='lat' dir='ltr'><strong>lohannes</strong></span> <span class='ocrx_word' id='word_1_48' title='bbox 617 1096 702 1160; x_wconf 88' lang='lat' dir='ltr'><strong>filius</strong></span> <span class='ocrx_word' id='word_1_49' title='bbox 727 1098 846 1160; x_wconf 91' lang='lat' dir='ltr'><strong>Donati</strong></span> <span class='ocrx_word' id='word_1_50' title='bbox 873 1097 1016 1179; x_wconf 91' lang='lat' dir='ltr'><strong>Georgio</strong></span> <span class='ocrx_word' id='word_1_51' title='bbox 1048 1099 1144 1159; x_wconf 91' lang='lat' dir='ltr'><strong>Loter</strong></span> <span class='ocrx_word' id='word_1_52' title='bbox 1176 1117 1276 1178; x_wconf 92' lang='lat' dir='ltr'><strong>usque</strong></span> <span class='ocrx_word' id='word_1_53' title='bbox 1299 1095 1479 1177; x_wconf 89' lang='lat' dir='ltr'><strong>quindenas</strong></span> 
     </span>
     <span class='ocr_line' id='line_1_8' title="bbox 210 1205 963 1287; baseline 0 -21"><span class='ocrx_word' id='word_1_54' title='bbox 210 1225 266 1287; x_wconf 94' lang='lat' dir='ltr'><strong>pro</strong></span> <span class='ocrx_word' id='word_1_55' title='bbox 292 1205 425 1267; x_wconf 91' lang='lat' dir='ltr'><strong>vulnere</strong></span> <span class='ocrx_word' id='word_1_56' title='bbox 450 1225 510 1267; x_wconf 91' lang='lat' dir='ltr'><strong>suo</strong></span> <span class='ocrx_word' id='word_1_57' title='bbox 534 1206 679 1287; x_wconf 91' lang='lat' dir='ltr'><strong>quinque</strong></span> <span class='ocrx_word' id='word_1_58' title='bbox 705 1224 827 1266; x_wconf 91' lang='lat' dir='ltr'><strong>marcas</strong></span> <span class='ocrx_word' id='word_1_59' title='bbox 850 1206 963 1266; x_wconf 90' lang='lat' dir='ltr'><strong>solvet.</strong></span> 
     </span>
    </p>

    <p class='ocr_par' dir='ltr' id='par_1_5' title="bbox 211 1309 1479 1500">
     <span class='ocr_line' id='line_1_9' title="bbox 318 1309 1479 1395; baseline -0.002 -24"><span class='ocrx_word' id='word_1_60' title='bbox 318 1311 395 1372; x_wconf 90' lang='lat' dir='ltr'><strong>ltem</strong></span> <span class='ocrx_word' id='word_1_61' title='bbox 420 1310 556 1395; x_wconf 87' lang='lat' dir='ltr'><strong>Mykech</strong></span> <span class='ocrx_word' id='word_1_62' title='bbox 589 1327 678 1373; x_wconf 91' lang='lat' dir='ltr'><strong>sutor</strong></span> <span class='ocrx_word' id='word_1_63' title='bbox 709 1311 852 1373; x_wconf 90' lang='lat' dir='ltr'><strong>secundo</strong></span> <span class='ocrx_word' id='word_1_64' title='bbox 884 1330 917 1372; x_wconf 92' lang='lat' dir='ltr'><strong>se</strong></span> <span class='ocrx_word' id='word_1_65' title='bbox 942 1323 1056 1372; x_wconf 93' lang='lat' dir='ltr'><strong>octavo</strong></span> <span class='ocrx_word' id='word_1_66' title='bbox 1088 1309 1141 1372; x_wconf 90' lang='lat' dir='ltr'><strong>die</strong></span> <span class='ocrx_word' id='word_1_67' title='bbox 1165 1329 1260 1392; x_wconf 90' lang='lat' dir='ltr'><strong>super</strong></span> <span class='ocrx_word' id='word_1_68' title='bbox 1285 1329 1323 1370; x_wconf 92' lang='lat' dir='ltr'><strong>eo</strong></span> <span class='ocrx_word' id='word_1_69' title='bbox 1350 1309 1479 1389; x_wconf 84' lang='lat' dir='ltr'><strong>jurabit,</strong></span> 
     </span>
     <span class='ocr_line' id='line_1_10' title="bbox 211 1418 978 1500; baseline 0.001 -22"><span class='ocrx_word' id='word_1_70' title='bbox 211 1418 299 1498; x_wconf 91' lang='lat' dir='ltr'><strong>quod</strong></span> <span class='ocrx_word' id='word_1_71' title='bbox 324 1419 429 1499; x_wconf 90' lang='lat' dir='ltr'><strong>ipsum</strong></span> <span class='ocrx_word' id='word_1_72' title='bbox 455 1418 579 1500; x_wconf 88' lang='lat' dir='ltr'><strong>Symon</strong></span> <span class='ocrx_word' id='word_1_73' title='bbox 604 1418 747 1479; x_wconf 82' lang='lat' dir='ltr'>literatus</span> <span class='ocrx_word' id='word_1_74' title='bbox 772 1418 978 1479; x_wconf 84' lang='lat' dir='ltr'><strong>vulnerasset.</strong></span> 
     </span>
    </p>

    <p class='ocr_par' dir='ltr' id='par_1_6' title="bbox 211 1520 1478 2030">
     <span class='ocr_line' id='line_1_11' title="bbox 319 1520 1476 1605; baseline -0.002 -20"><span class='ocrx_word' id='word_1_75' title='bbox 319 1523 398 1585; x_wconf 89' lang='lat' dir='ltr'><strong>ltem</strong></span> <span class='ocrx_word' id='word_1_76' title='bbox 419 1524 524 1586; x_wconf 90' lang='lat' dir='ltr'><strong>lwana</strong></span> <span class='ocrx_word' id='word_1_77' title='bbox 543 1525 658 1586; x_wconf 91' lang='lat' dir='ltr'><strong>mulier</strong></span> <span class='ocrx_word' id='word_1_78' title='bbox 682 1545 813 1587; x_wconf 90' lang='lat' dir='ltr'><strong>consors</strong></span> <span class='ocrx_word' id='word_1_79' title='bbox 830 1524 944 1585; x_wconf 91' lang='lat' dir='ltr'><strong>Kusilo</strong></span> <span class='ocrx_word' id='word_1_80' title='bbox 964 1537 1078 1586; x_wconf 90' lang='lat' dir='ltr'><strong>octavo</strong></span> <span class='ocrx_word' id='word_1_81' title='bbox 1096 1523 1147 1584; x_wconf 93' lang='lat' dir='ltr'><strong>die</strong></span> <span class='ocrx_word' id='word_1_82' title='bbox 1165 1542 1260 1605; x_wconf 91' lang='lat' dir='ltr'><strong>super</strong></span> <span class='ocrx_word' id='word_1_83' title='bbox 1284 1543 1323 1584; x_wconf 94' lang='lat' dir='ltr'><strong>eo</strong></span> <span class='ocrx_word' id='word_1_84' title='bbox 1347 1520 1476 1602; x_wconf 76' lang='lat' dir='ltr'><strong>jurabit,</strong></span> 
     </span>
     <span class='ocr_line' id='line_1_12' title="bbox 211 1629 1477 1714; baseline -0.002 -24"><span class='ocrx_word' id='word_1_85' title='bbox 211 1630 298 1711; x_wconf 92' lang='lat' dir='ltr'><strong>quod</strong></span> <span class='ocrx_word' id='word_1_86' title='bbox 317 1631 384 1711; x_wconf 90' lang='lat' dir='ltr'><strong>ipsa</strong></span> <span class='ocrx_word' id='word_1_87' title='bbox 402 1630 567 1711; x_wconf 84' lang='lat' dir='ltr'>quoddam</span> <span class='ocrx_word' id='word_1_88' title='bbox 586 1631 695 1692; x_wconf 92' lang='lat' dir='ltr'><strong>vinum</strong></span> <span class='ocrx_word' id='word_1_89' title='bbox 714 1632 795 1693; x_wconf 87' lang='lat' dir='ltr'><strong>circa</strong></span> <span class='ocrx_word' id='word_1_90' title='bbox 813 1631 915 1714; x_wconf 85' lang='lat' dir='ltr'>ipsam</span> <span class='ocrx_word' id='word_1_91' title='bbox 933 1650 998 1691; x_wconf 92' lang='lat' dir='ltr'><strong>non</strong></span> <span class='ocrx_word' id='word_1_92' title='bbox 1020 1650 1077 1711; x_wconf 91' lang='lat' dir='ltr'><strong>pro</strong></span> <span class='ocrx_word' id='word_1_93' title='bbox 1095 1629 1342 1691; x_wconf 85' lang='lat' dir='ltr'><strong>conservacione</strong></span> <span class='ocrx_word' id='word_1_94' title='bbox 1356 1629 1477 1709; x_wconf 89' lang='lat' dir='ltr'><strong>aliqua,</strong></span> 
     </span>
     <span class='ocr_line' id='line_1_13' title="bbox 212 1733 1478 1817; baseline 0 -22"><span class='ocrx_word' id='word_1_95' title='bbox 212 1734 270 1795; x_wconf 91' lang='lat' dir='ltr'><strong>nisi</strong></span> <span class='ocrx_word' id='word_1_96' title='bbox 290 1754 349 1816; x_wconf 94' lang='lat' dir='ltr'><strong>pro</strong></span> <span class='ocrx_word' id='word_1_97' title='bbox 366 1755 424 1797; x_wconf 94' lang='lat' dir='ltr'><strong>suo</strong></span> <span class='ocrx_word' id='word_1_98' title='bbox 450 1736 571 1815; x_wconf 90' lang='lat' dir='ltr'><strong>debito,</strong></span> <span class='ocrx_word' id='word_1_99' title='bbox 589 1737 738 1799; x_wconf 91' lang='lat' dir='ltr'><strong>videlicet</strong></span> <span class='ocrx_word' id='word_1_100' title='bbox 756 1738 866 1799; x_wconf 91' lang='lat' dir='ltr'><strong>decem</strong></span> <span class='ocrx_word' id='word_1_101' title='bbox 892 1756 1081 1815; x_wconf 83' lang='lat' dir='ltr'><strong>marcarum,</strong></span> <span class='ocrx_word' id='word_1_102' title='bbox 1105 1735 1222 1817; x_wconf 89' lang='lat' dir='ltr'><strong>quibus</strong></span> <span class='ocrx_word' id='word_1_103' title='bbox 1239 1735 1299 1795; x_wconf 86' lang='lat' dir='ltr'><strong>sibi</strong></span> <span class='ocrx_word' id='word_1_104' title='bbox 1317 1733 1478 1815; x_wconf 80' lang='lat' dir='ltr'><strong>Georgius</strong></span> 
     </span>
     <span class='ocr_line' id='line_1_14' title="bbox 212 1840 1474 1926; baseline -0.001 -24"><span class='ocrx_word' id='word_1_105' title='bbox 212 1840 337 1903; x_wconf 87' lang='lat' dir='ltr'><strong>debitor</strong></span> <span class='ocrx_word' id='word_1_106' title='bbox 360 1840 488 1919; x_wconf 83' lang='lat' dir='ltr'><strong>fuisset;</strong></span> <span class='ocrx_word' id='word_1_107' title='bbox 512 1843 695 1905; x_wconf 86' lang='lat' dir='ltr'><strong>Anthonius</strong></span> <span class='ocrx_word' id='word_1_108' title='bbox 711 1858 819 1906; x_wconf 89' lang='lat' dir='ltr'><strong>autem</strong></span> <span class='ocrx_word' id='word_1_109' title='bbox 841 1845 942 1926; x_wconf 88' lang='lat' dir='ltr'><strong>ipsam</strong></span> <span class='ocrx_word' id='word_1_110' title='bbox 967 1862 1095 1905; x_wconf 91' lang='lat' dir='ltr'><strong>causam</strong></span> <span class='ocrx_word' id='word_1_111' title='bbox 1113 1842 1152 1903; x_wconf 90' lang='lat' dir='ltr'><strong>ad</strong></span> <span class='ocrx_word' id='word_1_112' title='bbox 1177 1842 1327 1922; x_wconf 90' lang='lat' dir='ltr'><strong>antiquos</strong></span> <span class='ocrx_word' id='word_1_113' title='bbox 1351 1840 1474 1921; x_wconf 90' lang='lat' dir='ltr'><strong>judices</strong></span> 
     </span>
     <span class='ocr_line' id='line_1_15' title="bbox 212 1948 495 2030; baseline 0.004 -22"><span class='ocrx_word' id='word_1_114' title='bbox 212 1948 394 2030; x_wconf 89' lang='lat' dir='ltr'><strong>appellavit.</strong></span> <span class='ocrx_word' id='word_1_115' title='bbox 420 1951 495 2028; x_wconf 78' lang='lat' dir='ltr'><strong>(sic.)</strong></span> 
     </span>
    </p>
   </div>
   <div class='ocr_carea' id='block_1_3' title="bbox 266 2165 1422 2260">
    <p class='ocr_par' dir='ltr' id='par_1_7' title="bbox 266 2165 1422 2260">
     <span class='ocr_line' id='line_1_16' title="bbox 266 2165 1422 2260; baseline 0 -21"><span class='ocrx_word' id='word_1_116' title='bbox 266 2165 364 2241; x_wconf 84' lang='lat' dir='ltr'><strong>Feria</strong></span> <span class='ocrx_word' id='word_1_117' title='bbox 390 2174 496 2242; x_wconf 86' lang='lat' dir='ltr'><strong>tercia</strong></span> <span class='ocrx_word' id='word_1_118' title='bbox 525 2174 680 2260; x_wconf 84' lang='lat' dir='ltr'><strong>proxima</strong></span> <span class='ocrx_word' id='word_1_119' title='bbox 710 2179 788 2243; x_wconf 88' lang='lat' dir='ltr'><strong>ante</strong></span> <span class='ocrx_word' id='word_1_120' title='bbox 815 2171 939 2243; x_wconf 83' lang='lat' dir='ltr'><strong>festum</strong></span> <span class='ocrx_word' id='word_1_121' title='bbox 966 2171 1056 2243; x_wconf 87' lang='lat' dir='ltr'><strong>beati</strong></span> <span class='ocrx_word' id='word_1_122' title='bbox 1086 2170 1237 2242; x_wconf 88' lang='lat' dir='ltr'><strong>Bamahe</strong></span> <span class='ocrx_word' id='word_1_123' title='bbox 1265 2168 1422 2258; x_wconf 86' lang='lat' dir='ltr'><strong>apostoli.</strong></span> 
     </span>
    </p>
   </div>
   <div class='ocr_carea' id='block_1_4' title="bbox 212 2327 1478 4678">
    <p class='ocr_par' dir='ltr' id='par_1_8' title="bbox 756 2327 924 2404">
     <span class='ocr_line' id='line_1_17' title="bbox 756 2327 924 2404; baseline 0.006 -1"><span class='ocrx_word' id='word_1_124' title='bbox 756 2327 800 2403; x_wconf 82' lang='lat'><strong>(9·</strong></span> <span class='ocrx_word' id='word_1_125' title='bbox 816 2327 924 2404; x_wconf 61' lang='lat' dir='ltr'><strong>sanii-</strong></span> 
     </span>
    </p>

    <p class='ocr_par' dir='ltr' id='par_1_9' title="bbox 214 2461 1478 2868">
     <span class='ocr_line' id='line_1_18' title="bbox 319 2461 1478 2545; baseline -0.001 -21"><span class='ocrx_word' id='word_1_126' title='bbox 319 2464 397 2527; x_wconf 89' lang='lat' dir='ltr'><strong>ltem</strong></span> <span class='ocrx_word' id='word_1_127' title='bbox 416 2465 548 2527; x_wconf 90' lang='lat' dir='ltr'><strong>domina</strong></span> <span class='ocrx_word' id='word_1_128' title='bbox 573 2467 683 2529; x_wconf 86' lang='lat' dir='ltr'><strong>relicta</strong></span> <span class='ocrx_word' id='word_1_129' title='bbox 708 2466 792 2528; x_wconf 87' lang='lat' dir='ltr'><strong>lwan</strong></span> <span class='ocrx_word' id='word_1_130' title='bbox 809 2466 866 2528; x_wconf 89' lang='lat' dir='ltr'><strong>lilii</strong></span> <span class='ocrx_word' id='word_1_131' title='bbox 885 2467 970 2528; x_wconf 83' lang='lat' dir='ltr'><strong>lvvan</strong></span> <span class='ocrx_word' id='word_1_132' title='bbox 994 2480 1093 2529; x_wconf 89' lang='lat' dir='ltr'><strong>terras</strong></span> <span class='ocrx_word' id='word_1_133' title='bbox 1117 2464 1253 2526; x_wconf 89' lang='lat' dir='ltr'><strong>arabiles</strong></span> <span class='ocrx_word' id='word_1_134' title='bbox 1269 2483 1326 2545; x_wconf 94' lang='lat' dir='ltr'><strong>per</strong></span> <span class='ocrx_word' id='word_1_135' title='bbox 1351 2461 1478 2524; x_wconf 89' lang='lat' dir='ltr'><strong>Mikech</strong></span> 
     </span>
     <span class='ocr_line' id='line_1_19' title="bbox 214 2569 1478 2655; baseline -0.001 -23"><span class='ocrx_word' id='word_1_136' title='bbox 214 2569 313 2633; x_wconf 78' lang='lat' dir='ltr'><strong>tilium</strong></span> <span class='ocrx_word' id='word_1_137' title='bbox 340 2573 454 2634; x_wconf 89' lang='lat' dir='ltr'><strong>Hanch</strong></span> <span class='ocrx_word' id='word_1_138' title='bbox 479 2573 622 2654; x_wconf 91' lang='lat' dir='ltr'><strong>predicto</strong></span> <span class='ocrx_word' id='word_1_139' title='bbox 648 2573 732 2634; x_wconf 90' lang='lat' dir='ltr'><strong>lwan</strong></span> <span class='ocrx_word' id='word_1_140' title='bbox 757 2573 836 2635; x_wconf 90' lang='lat' dir='ltr'><strong>olim</strong></span> <span class='ocrx_word' id='word_1_141' title='bbox 861 2573 1090 2655; x_wconf 81' lang='lat' dir='ltr'><strong>inpignoratas,</strong></span> <span class='ocrx_word' id='word_1_142' title='bbox 1115 2571 1230 2633; x_wconf 90' lang='lat' dir='ltr'><strong>eodem</strong></span> <span class='ocrx_word' id='word_1_143' title='bbox 1256 2569 1355 2631; x_wconf 91' lang='lat' dir='ltr'><strong>modo</strong></span> <span class='ocrx_word' id='word_1_144' title='bbox 1381 2582 1478 2652; x_wconf 92' lang='lat' dir='ltr'><strong>prout</strong></span> 
     </span>
     <span class='ocr_line' id='line_1_20' title="bbox 214 2676 1475 2762; baseline 0.001 -25"><span class='ocrx_word' id='word_1_145' title='bbox 214 2692 284 2762; x_wconf 90' lang='lat' dir='ltr'><strong>sunt</strong></span> <span class='ocrx_word' id='word_1_146' title='bbox 309 2678 523 2760; x_wconf 89' lang='lat' dir='ltr'><strong>inpignorate,</strong></span> <span class='ocrx_word' id='word_1_147' title='bbox 547 2680 739 2761; x_wconf 90' lang='lat' dir='ltr'><strong>cuicumque</strong></span> <span class='ocrx_word' id='word_1_148' title='bbox 775 2680 911 2741; x_wconf 91' lang='lat' dir='ltr'><strong>voluerit</strong></span> <span class='ocrx_word' id='word_1_149' title='bbox 942 2679 1043 2741; x_wconf 89' lang='lat' dir='ltr'><strong>libere</strong></span> <span class='ocrx_word' id='word_1_150' title='bbox 1067 2698 1125 2761; x_wconf 94' lang='lat' dir='ltr'><strong>pro</strong></span> <span class='ocrx_word' id='word_1_151' title='bbox 1159 2678 1270 2740; x_wconf 90' lang='lat' dir='ltr'><strong>eadem</strong></span> <span class='ocrx_word' id='word_1_152' title='bbox 1297 2676 1475 2759; x_wconf 89' lang='lat' dir='ltr'><strong>quantitate</strong></span> 
     </span>
     <span class='ocr_line' id='line_1_21' title="bbox 215 2783 718 2868; baseline 0.006 -23"><span class='ocrx_word' id='word_1_153' title='bbox 215 2783 347 2864; x_wconf 88' lang='lat' dir='ltr'><strong>pecunie</strong></span> <span class='ocrx_word' id='word_1_154' title='bbox 372 2798 477 2867; x_wconf 92' lang='lat' dir='ltr'><strong>potest</strong></span> <span class='ocrx_word' id='word_1_155' title='bbox 500 2786 718 2868; x_wconf 90' lang='lat' dir='ltr'><strong>inpignorare.</strong></span> 
     </span>
    </p>

    <p class='ocr_par' dir='ltr' id='par_1_10' title="bbox 216 2890 1477 3087">
     <span class='ocr_line' id='line_1_22' title="bbox 319 2890 1477 2973; baseline 0 -22"><span class='ocrx_word' id='word_1_156' title='bbox 319 2890 396 2953; x_wconf 91' lang='lat' dir='ltr'><strong>ltem</strong></span> <span class='ocrx_word' id='word_1_157' title='bbox 421 2892 554 2954; x_wconf 90' lang='lat' dir='ltr'><strong>domina</strong></span> <span class='ocrx_word' id='word_1_158' title='bbox 584 2893 687 2954; x_wconf 86' lang='lat' dir='ltr'><strong>lwana</strong></span> <span class='ocrx_word' id='word_1_159' title='bbox 720 2893 828 2955; x_wconf 88' lang='lat' dir='ltr'><strong>relicta</strong></span> <span class='ocrx_word' id='word_1_160' title='bbox 860 2893 985 2955; x_wconf 89' lang='lat' dir='ltr'><strong>Nicolai</strong></span> <span class='ocrx_word' id='word_1_161' title='bbox 1018 2907 1127 2955; x_wconf 90' lang='lat' dir='ltr'><strong>contra</strong></span> <span class='ocrx_word' id='word_1_162' title='bbox 1161 2890 1339 2972; x_wconf 87' lang='lat' dir='ltr'><strong>Georgium</strong></span> <span class='ocrx_word' id='word_1_163' title='bbox 1372 2891 1477 2973; x_wconf 91' lang='lat' dir='ltr'><strong>primo</strong></span> 
     </span>
     <span class='ocr_line' id='line_1_23' title="bbox 216 2996 1211 3087; baseline 0.01 -30"><span class='ocrx_word' id='word_1_164' title='bbox 216 2996 305 3059; x_wconf 90' lang='lat' dir='ltr'><strong>citata</strong></span> <span class='ocrx_word' id='word_1_165' title='bbox 330 3017 395 3059; x_wconf 91' lang='lat' dir='ltr'><strong>non</strong></span> <span class='ocrx_word' id='word_1_166' title='bbox 420 3000 610 3082; x_wconf 89' lang='lat' dir='ltr'><strong>comparuit.</strong></span> <span class='ocrx_word' id='word_1_167' title='bbox 1207 3083 1211 3087; x_wconf 26' lang='grc' dir='ltr'>Ι</span> 
     </span>
    </p>

    <p class='ocr_par' dir='ltr' id='par_1_11' title="bbox 215 3104 1475 3293">
     <span class='ocr_line' id='line_1_24' title="bbox 319 3104 1475 3188; baseline 0.001 -23"><span class='ocrx_word' id='word_1_168' title='bbox 319 3104 396 3166; x_wconf 91' lang='lat' dir='ltr'><strong>ltem</strong></span> <span class='ocrx_word' id='word_1_169' title='bbox 421 3105 568 3167; x_wconf 81' lang='lat' dir='ltr'><strong>Thomas</strong></span> <span class='ocrx_word' id='word_1_170' title='bbox 591 3121 701 3169; x_wconf 86' lang='lat' dir='ltr'><strong>contra</strong></span> <span class='ocrx_word' id='word_1_171' title='bbox 727 3105 852 3170; x_wconf 87' lang='lat' dir='ltr'><strong>Mikech</strong></span> <span class='ocrx_word' id='word_1_172' title='bbox 877 3104 979 3167; x_wconf 84' lang='lat' dir='ltr'><strong>filium</strong></span> <span class='ocrx_word' id='word_1_173' title='bbox 1005 3105 1130 3168; x_wconf 90' lang='lat' dir='ltr'><strong>Nicolai</strong></span> <span class='ocrx_word' id='word_1_174' title='bbox 1155 3104 1260 3188; x_wconf 92' lang='lat' dir='ltr'><strong>primo</strong></span> <span class='ocrx_word' id='word_1_175' title='bbox 1278 3105 1391 3168; x_wconf 89' lang='lat' dir='ltr'><strong>citatus</strong></span> <span class='ocrx_word' id='word_1_176' title='bbox 1410 3125 1475 3167; x_wconf 94' lang='lat' dir='ltr'><strong>non</strong></span> 
     </span>
     <span class='ocr_line' id='line_1_25' title="bbox 215 3213 401 3293; baseline 0.016 -23"><span class='ocrx_word' id='word_1_177' title='bbox 215 3213 401 3293; x_wconf 90' lang='lat' dir='ltr'><strong>comparuit.</strong></span> 
     </span>
    </p>

    <p class='ocr_par' dir='ltr' id='par_1_12' title="bbox 215 3316 1477 3506">
     <span class='ocr_line' id='line_1_26' title="bbox 318 3316 1477 3404; baseline 0.003 -26"><span class='ocrx_word' id='word_1_178' title='bbox 318 3316 396 3379; x_wconf 94' lang='lat' dir='ltr'><strong>ltem</strong></span> <span class='ocrx_word' id='word_1_179' title='bbox 422 3318 566 3382; x_wconf 84' lang='lat' dir='ltr'><strong>Thomas</strong></span> <span class='ocrx_word' id='word_1_180' title='bbox 590 3319 675 3382; x_wconf 90' lang='lat' dir='ltr'><strong>lilius</strong></span> <span class='ocrx_word' id='word_1_181' title='bbox 707 3320 834 3402; x_wconf 90' lang='lat' dir='ltr'><strong>Dragen</strong></span> <span class='ocrx_word' id='word_1_182' title='bbox 864 3334 975 3382; x_wconf 91' lang='lat' dir='ltr'><strong>contra</strong></span> <span class='ocrx_word' id='word_1_183' title='bbox 999 3319 1201 3382; x_wconf 84' lang='lat' dir='ltr'><strong>Anthonium</strong></span> <span class='ocrx_word' id='word_1_184' title='bbox 1225 3321 1330 3404; x_wconf 93' lang='lat' dir='ltr'><strong>primo</strong></span> <span class='ocrx_word' id='word_1_185' title='bbox 1363 3322 1477 3384; x_wconf 89' lang='lat' dir='ltr'><strong>citatus</strong></span> 
     </span>
     <span class='ocr_line' id='line_1_27' title="bbox 215 3424 492 3506; baseline 0.014 -25"><span class='ocrx_word' id='word_1_186' title='bbox 215 3440 276 3482; x_wconf 93' lang='lat' dir='ltr'><strong>non</strong></span> <span class='ocrx_word' id='word_1_187' title='bbox 301 3424 492 3506; x_wconf 88' lang='lat' dir='ltr'><strong>comparuit.</strong></span> 
     </span>
    </p>

    <p class='ocr_par' dir='ltr' id='par_1_13' title="bbox 214 3529 1475 3722">
     <span class='ocr_line' id='line_1_28' title="bbox 318 3529 1475 3614; baseline 0.004 -24"><span class='ocrx_word' id='word_1_188' title='bbox 318 3529 395 3592; x_wconf 93' lang='lat' dir='ltr'><strong>ltem</strong></span> <span class='ocrx_word' id='word_1_189' title='bbox 421 3550 516 3592; x_wconf 87' lang='lat' dir='ltr'><strong>causa</strong></span> <span class='ocrx_word' id='word_1_190' title='bbox 541 3531 719 3595; x_wconf 90' lang='lat' dir='ltr'><strong>Clementis</strong></span> <span class='ocrx_word' id='word_1_191' title='bbox 740 3531 895 3595; x_wconf 87' lang='lat' dir='ltr'><strong>carnificis</strong></span> <span class='ocrx_word' id='word_1_192' title='bbox 919 3546 1028 3595; x_wconf 89' lang='lat' dir='ltr'><strong>contra</strong></span> <span class='ocrx_word' id='word_1_193' title='bbox 1051 3532 1229 3614; x_wconf 87' lang='lat' dir='ltr'><strong>Georgium</strong></span> <span class='ocrx_word' id='word_1_194' title='bbox 1255 3534 1351 3595; x_wconf 88' lang='lat' dir='ltr'><strong>Loter</strong></span> <span class='ocrx_word' id='word_1_195' title='bbox 1376 3547 1406 3595; x_wconf 97' lang='lat' dir='ltr'><strong>et</strong></span> <span class='ocrx_word' id='word_1_196' title='bbox 1423 3534 1475 3595; x_wconf 90' lang='lat' dir='ltr'><strong>Jo-</strong></span> 
     </span>
     <span class='ocr_line' id='line_1_29' title="bbox 214 3631 1289 3722; baseline 0.008 -28"><span class='ocrx_word' id='word_1_197' title='bbox 214 3631 350 3696; x_wconf 89' lang='lat' dir='ltr'><strong>hannem</strong></span> <span class='ocrx_word' id='word_1_198' title='bbox 374 3635 509 3718; x_wconf 87' lang='lat' dir='ltr'><strong>figulum</strong></span> <span class='ocrx_word' id='word_1_199' title='bbox 535 3639 574 3699; x_wconf 86' lang='lat' dir='ltr'><strong>ad</strong></span> <span class='ocrx_word' id='word_1_200' title='bbox 598 3652 747 3701; x_wconf 89' lang='lat' dir='ltr'><strong>octavum</strong></span> <span class='ocrx_word' id='word_1_201' title='bbox 772 3639 858 3701; x_wconf 92' lang='lat' dir='ltr'><strong>diem</strong></span> <span class='ocrx_word' id='word_1_202' title='bbox 883 3638 922 3700; x_wconf 93' lang='lat' dir='ltr'><strong>ad</strong></span> <span class='ocrx_word' id='word_1_203' title='bbox 946 3658 1058 3721; x_wconf 88' lang='lat' dir='ltr'><strong>pacem</strong></span> <span class='ocrx_word' id='word_1_204' title='bbox 1084 3652 1129 3702; x_wconf 91' lang='lat' dir='ltr'><strong>est</strong></span> <span class='ocrx_word' id='word_1_205' title='bbox 1152 3654 1289 3722; x_wconf 92' lang='lat' dir='ltr'><strong>recepta.</strong></span> 
     </span>
    </p>

    <p class='ocr_par' dir='ltr' id='par_1_14' title="bbox 214 3742 1474 4037">
     <span class='ocr_line' id='line_1_30' title="bbox 319 3742 1474 3829; baseline 0.005 -26"><span class='ocrx_word' id='word_1_206' title='bbox 319 3742 397 3804; x_wconf 92' lang='lat' dir='ltr'><strong>ltem</strong></span> <span class='ocrx_word' id='word_1_207' title='bbox 411 3743 576 3806; x_wconf 90' lang='lat' dir='ltr'><strong>Dionisius</strong></span> <span class='ocrx_word' id='word_1_208' title='bbox 600 3745 684 3807; x_wconf 89' lang='lat' dir='ltr'><strong>lilius</strong></span> <span class='ocrx_word' id='word_1_209' title='bbox 709 3747 849 3808; x_wconf 92' lang='lat' dir='ltr'><strong>Lorandi</strong></span> <span class='ocrx_word' id='word_1_210' title='bbox 877 3766 972 3828; x_wconf 91' lang='lat' dir='ltr'><strong>super</strong></span> <span class='ocrx_word' id='word_1_211' title='bbox 1005 3747 1256 3829; x_wconf 89' lang='lat' dir='ltr'><strong>interempcione</strong></span> <span class='ocrx_word' id='word_1_212' title='bbox 1280 3748 1377 3809; x_wconf 86' lang='lat' dir='ltr'><strong>lalus</strong></span> <span class='ocrx_word' id='word_1_213' title='bbox 1408 3767 1474 3809; x_wconf 89' lang='lat' dir='ltr'><strong>car·</strong></span> 
     </span>
     <span class='ocr_line' id='line_1_31' title="bbox 214 3848 1473 3935; baseline 0.005 -28"><span class='ocrx_word' id='word_1_214' title='bbox 214 3848 348 3926; x_wconf 88' lang='lat' dir='ltr'><strong>pentarii</strong></span> <span class='ocrx_word' id='word_1_215' title='bbox 374 3850 472 3910; x_wconf 86' lang='lat' dir='ltr'><strong>nostri</strong></span> <span class='ocrx_word' id='word_1_216' title='bbox 498 3851 648 3930; x_wconf 88' lang='lat' dir='ltr'><strong>concivis,</strong></span> <span class='ocrx_word' id='word_1_217' title='bbox 664 3850 756 3934; x_wconf 76' lang='lat' dir='ltr'><strong>(h)eri</strong></span> <span class='ocrx_word' id='word_1_218' title='bbox 783 3852 815 3912; x_wconf 92' lang='lat' dir='ltr'><strong>in</strong></span> <span class='ocrx_word' id='word_1_219' title='bbox 840 3850 911 3913; x_wconf 88' lang='lat' dir='ltr'><strong>loro</strong></span> <span class='ocrx_word' id='word_1_220' title='bbox 930 3852 1072 3932; x_wconf 85' lang='lat' dir='ltr'><strong>legitime</strong></span> <span class='ocrx_word' id='word_1_221' title='bbox 1097 3853 1136 3913; x_wconf 91' lang='lat' dir='ltr'><strong>ad</strong></span> <span class='ocrx_word' id='word_1_222' title='bbox 1154 3866 1335 3935; x_wconf 88' lang='lat' dir='ltr'><strong>presentem</strong></span> <span class='ocrx_word' id='word_1_223' title='bbox 1360 3851 1473 3914; x_wconf 86' lang='lat' dir='ltr'><strong>feriam</strong></span> 
     </span>
     <span class='ocr_line' id='line_1_32' title="bbox 214 3954 1365 4037; baseline 0.008 -24"><span class='ocrx_word' id='word_1_224' title='bbox 214 3954 343 4016; x_wconf 86' lang='lat' dir='ltr'><strong>terciam</strong></span> <span class='ocrx_word' id='word_1_225' title='bbox 368 3957 583 4037; x_wconf 87' lang='lat' dir='ltr'><strong>proclamatus</strong></span> <span class='ocrx_word' id='word_1_226' title='bbox 607 3974 717 4019; x_wconf 90' lang='lat' dir='ltr'><strong>contra</strong></span> <span class='ocrx_word' id='word_1_227' title='bbox 741 3974 922 4020; x_wconf 86' lang='lat' dir='ltr'><strong>consortem</strong></span> <span class='ocrx_word' id='word_1_228' title='bbox 947 3958 1022 4021; x_wconf 92' lang='lat' dir='ltr'><strong>dicti</strong></span> <span class='ocrx_word' id='word_1_229' title='bbox 1046 3959 1153 4037; x_wconf 77' lang='lat' dir='ltr'><strong>lalus,</strong></span> <span class='ocrx_word' id='word_1_230' title='bbox 1178 3979 1242 4021; x_wconf 94' lang='lat' dir='ltr'><strong>non</strong></span> <span class='ocrx_word' id='word_1_231' title='bbox 1269 3960 1365 4023; x_wconf 93' lang='lat' dir='ltr'><strong>venit.</strong></span> 
     </span>
    </p>

    <p class='ocr_par' dir='ltr' id='par_1_15' title="bbox 212 4059 1473 4251">
     <span class='ocr_line' id='line_1_33' title="bbox 317 4059 1473 4148; baseline 0.006 -27"><span class='ocrx_word' id='word_1_232' title='bbox 317 4059 394 4122; x_wconf 89' lang='lat' dir='ltr'><strong>ltem</strong></span> <span class='ocrx_word' id='word_1_233' title='bbox 421 4061 582 4143; x_wconf 82' lang='lat' dir='ltr'><strong>Georgius</strong></span> <span class='ocrx_word' id='word_1_234' title='bbox 606 4063 825 4126; x_wconf 88' lang='lat' dir='ltr'><strong>stachunarius</strong></span> <span class='ocrx_word' id='word_1_235' title='bbox 849 4078 958 4127; x_wconf 93' lang='lat' dir='ltr'><strong>contra</strong></span> <span class='ocrx_word' id='word_1_236' title='bbox 984 4065 1163 4128; x_wconf 86' lang='lat' dir='ltr'><strong>lohannem</strong></span> <span class='ocrx_word' id='word_1_237' title='bbox 1189 4066 1285 4127; x_wconf 90' lang='lat' dir='ltr'><strong>Liber</strong></span> <span class='ocrx_word' id='word_1_238' title='bbox 1308 4067 1413 4148; x_wconf 92' lang='lat' dir='ltr'><strong>primo</strong></span> <span class='ocrx_word' id='word_1_239' title='bbox 1431 4066 1473 4128; x_wconf 88' lang='lat' dir='ltr'><strong>ci·</strong></span> 
     </span>
     <span class='ocr_line' id='line_1_34' title="bbox 212 4171 594 4251; baseline 0.016 -25"><span class='ocrx_word' id='word_1_240' title='bbox 212 4177 295 4227; x_wconf 91' lang='lat' dir='ltr'><strong>tatus</strong></span> <span class='ocrx_word' id='word_1_241' title='bbox 315 4186 380 4228; x_wconf 90' lang='lat' dir='ltr'><strong>non</strong></span> <span class='ocrx_word' id='word_1_242' title='bbox 405 4171 594 4251; x_wconf 90' lang='lat' dir='ltr'><strong>comparuit.</strong></span> 
     </span>
    </p>

    <p class='ocr_par' dir='ltr' id='par_1_16' title="bbox 212 4273 1474 4465">
     <span class='ocr_line' id='line_1_35' title="bbox 319 4273 1474 4358; baseline 0.008 -24"><span class='ocrx_word' id='word_1_243' title='bbox 319 4273 397 4335; x_wconf 92' lang='lat' dir='ltr'><strong>ltem</strong></span> <span class='ocrx_word' id='word_1_244' title='bbox 435 4274 594 4358; x_wconf 88' lang='lat' dir='ltr'><strong>Georgius</strong></span> <span class='ocrx_word' id='word_1_245' title='bbox 628 4279 770 4340; x_wconf 84' lang='lat' dir='ltr'><strong>famulus</strong></span> <span class='ocrx_word' id='word_1_246' title='bbox 806 4277 953 4358; x_wconf 91' lang='lat' dir='ltr'><strong>Gregorii</strong></span> <span class='ocrx_word' id='word_1_247' title='bbox 997 4293 1107 4340; x_wconf 86' lang='lat' dir='ltr'><strong>contra</strong></span> <span class='ocrx_word' id='word_1_248' title='bbox 1142 4283 1269 4341; x_wconf 79' lang='lat' dir='ltr'><strong>Annam</strong></span> <span class='ocrx_word' id='word_1_249' title='bbox 1307 4281 1474 4344; x_wconf 89' lang='lat' dir='ltr'><strong>mulierem</strong></span> 
     </span>
     <span class='ocr_line' id='line_1_36' title="bbox 212 4380 759 4465; baseline 0.011 -25"><span class='ocrx_word' id='word_1_250' title='bbox 212 4380 317 4461; x_wconf 92' lang='lat' dir='ltr'><strong>primo</strong></span> <span class='ocrx_word' id='word_1_251' title='bbox 343 4381 455 4443; x_wconf 88' lang='lat' dir='ltr'><strong>citatus</strong></span> <span class='ocrx_word' id='word_1_252' title='bbox 480 4402 544 4444; x_wconf 92' lang='lat' dir='ltr'><strong>non</strong></span> <span class='ocrx_word' id='word_1_253' title='bbox 570 4385 759 4465; x_wconf 86' lang='lat' dir='ltr'><strong>comparuit.</strong></span> 
     </span>
    </p>

    <p class='ocr_par' dir='ltr' id='par_1_17' title="bbox 212 4486 1475 4678">
     <span class='ocr_line' id='line_1_37' title="bbox 318 4486 1475 4574; baseline 0.008 -25"><span class='ocrx_word' id='word_1_254' title='bbox 318 4486 396 4549; x_wconf 91' lang='lat' dir='ltr'><strong>ltem</strong></span> <span class='ocrx_word' id='word_1_255' title='bbox 420 4488 563 4551; x_wconf 89' lang='lat' dir='ltr'><strong>Briccius</strong></span> <span class='ocrx_word' id='word_1_256' title='bbox 586 4490 715 4573; x_wconf 89' lang='lat' dir='ltr'><strong>sellipar</strong></span> <span class='ocrx_word' id='word_1_257' title='bbox 739 4504 849 4552; x_wconf 92' lang='lat' dir='ltr'><strong>contra</strong></span> <span class='ocrx_word' id='word_1_258' title='bbox 875 4491 1082 4574; x_wconf 90' lang='lat' dir='ltr'><strong>Dragonyam</strong></span> <span class='ocrx_word' id='word_1_259' title='bbox 1106 4506 1246 4554; x_wconf 89' lang='lat' dir='ltr'><strong>sutorem</strong></span> <span class='ocrx_word' id='word_1_260' title='bbox 1272 4495 1414 4558; x_wconf 89' lang='lat' dir='ltr'><strong>secundo</strong></span> <span class='ocrx_word' id='word_1_261' title='bbox 1432 4496 1475 4559; x_wconf 94' lang='lat' dir='ltr'><strong>ci-</strong></span> 
     </span>
     <span class='ocr_line' id='line_1_38' title="bbox 212 4596 600 4678; baseline 0.008 -24"><span class='ocrx_word' id='word_1_262' title='bbox 212 4606 295 4655; x_wconf 89' lang='lat' dir='ltr'><strong>tatus</strong></span> <span class='ocrx_word' id='word_1_263' title='bbox 320 4614 384 4656; x_wconf 90' lang='lat' dir='ltr'><strong>non</strong></span> <span class='ocrx_word' id='word_1_264' title='bbox 409 4596 600 4678; x_wconf 88' lang='lat' dir='ltr'><strong>comparuit.</strong></span> 
     </span>
    </p>
   </div>
   <div class='ocr_carea' id='block_1_5' title="bbox 210 4700 1473 4889">
    <p class='ocr_par' dir='ltr' id='par_1_18' title="bbox 210 4700 1473 4889">
     <span class='ocr_line' id='line_1_39' title="bbox 317 4700 1473 4789; baseline 0.009 -28"><span class='ocrx_word' id='word_1_265' title='bbox 317 4700 395 4762; x_wconf 91' lang='lat' dir='ltr'><strong>ltem</strong></span> <span class='ocrx_word' id='word_1_266' title='bbox 413 4702 528 4764; x_wconf 89' lang='lat' dir='ltr'><strong>Valesa</strong></span> <span class='ocrx_word' id='word_1_267' title='bbox 553 4717 661 4765; x_wconf 88' lang='lat' dir='ltr'><strong>contra</strong></span> <span class='ocrx_word' id='word_1_268' title='bbox 687 4703 858 4765; x_wconf 90' lang='lat' dir='ltr'><strong>Nicolaum</strong></span> <span class='ocrx_word' id='word_1_269' title='bbox 883 4703 984 4765; x_wconf 88' lang='lat' dir='ltr'><strong>hlium</strong></span> <span class='ocrx_word' id='word_1_270' title='bbox 1011 4704 1125 4766; x_wconf 87' lang='lat' dir='ltr'><strong>Kusilo</strong></span> <span class='ocrx_word' id='word_1_271' title='bbox 1150 4706 1254 4789; x_wconf 89' lang='lat' dir='ltr'><strong>primo</strong></span> <span class='ocrx_word' id='word_1_272' title='bbox 1271 4708 1385 4770; x_wconf 90' lang='lat' dir='ltr'><strong>citatus</strong></span> <span class='ocrx_word' id='word_1_273' title='bbox 1409 4729 1473 4772; x_wconf 90' lang='lat' dir='ltr'><strong>non</strong></span> 
     </span>
     <span class='ocr_line' id='line_1_40' title="bbox 210 4807 400 4889; baseline 0.005 -21"><span class='ocrx_word' id='word_1_274' title='bbox 210 4807 400 4889; x_wconf 91' lang='lat' dir='ltr'><strong>comparuit.</strong></span> 
     </span>
    </p>
   </div>
   <div class='ocr_carea' id='block_1_6' title="bbox 0 0 1706 5362">
    <p class='ocr_par' dir='ltr' id='par_1_19' title="bbox 0 0 1706 5362">
     <span class='ocr_line' id='line_1_41' title="bbox 0 0 1706 5362; baseline 0 0"><span class='ocrx_word' id='word_1_275' title='bbox 0 0 1706 5362; x_wconf 95' lang='lat' dir='ltr'><strong> </strong></span> 
     </span>
    </p>
   </div>
  </div>
 </body>
</html>
