3404 5362
600 358 687 415 Anno
710 354 802 434 1383.
828 391 868 403 -
893 371 944 418 20.
968 358 1096 419 octobris.
1419 376 1480 439 213

318 564 397 627 ltem
421 565 582 628 Janchech
607 580 717 628 contra
735 565 1025 647 Agustinouicham
1049 566 1155 650 primo
1172 567 1286 630 citatus
1309 587 1374 630 non
1393 586 1481 630 com·

211 670 331 753 paruit.

319 777 398 840 ltem
422 777 537 841 Raden
569 791 683 841 octavo
715 778 767 841 die
798 777 942 841 secundo
973 799 1007 842 se
1037 799 1134 863 super
1164 800 1203 844 eo
1230 779 1359 864 jurabit,
1390 779 1479 863 quod

211 884 319 967 ipsum
344 883 423 947 Scof
444 885 651 950 vulnerasset.

391 1101 489 1178 Feria
517 1108 625 1178 tercia
651 1109 808 1196 proxima
835 1113 913 1196 post
940 1106 1065 1179 testum
1093 1107 1183 1179 beati
1211 1107 1306 1182 luce.

724 1258 791 1341 (20.
814 1262 959 1338 octobris).

320 1397 400 1460 ltem
432 1399 541 1462 Mathe
571 1399 731 1480 gladiator
762 1412 873 1463 contra
904 1415 1086 1464 consortem
1118 1398 1210 1463 Bolfe
1234 1400 1339 1484 primo
1364 1400 1479 1464 citatus

211 1523 276 1566 non
302 1505 493 1588 comparuit.

316 1611 396 1674 ltem
420 1611 554 1675 domina
571 1613 691 1675 Munlta
716 1628 827 1676 contra
843 1633 971 1676 socrum
989 1612 1138 1695 Gregorii
1155 1612 1356 1697 calcariparis
1372 1614 1478 1697 primo

213 1719 308 1781 citata
332 1738 399 1781 non
430 1720 622 1803 comparuit.

318 1826 398 1889 ltem
422 1827 586 1890 Johannes
609 1842 698 1890 sutor
722 1840 836 1890 octavo
870 1826 921 1889 die
953 1848 1011 1911 per
1035 1825 1252 1889 Laurencium
1283 1841 1426 1890 sutorem
1450 1841 1481 1890 et

212 1931 350 1993 Paulum
385 1946 527 1994 sutorem
564 1932 625 1995 hoc
659 1933 824 2012 atestabit‚
859 1932 948 2015 quod
978 1933 1045 2016 ipse
1079 1933 1235 2015 quasdam
1264 1944 1328 1995 tres
1351 1946 1480 1994 cutesa

211 2036 336 2120 Dragos
360 2039 484 2102 emerit.

317 2144 397 2207 ltem
421 2144 599 2207 Damianos
624 2145 797 2229 Hlebopelt
828 2158 937 2208 contra
970 2146 1112 2208 Brumen
1144 2145 1249 2229 primo
1276 2145 1390 2207 citatus
1413 2164 1478 2206 non

213 2251 401 2334 comparuit.

317 2357 397 2420 ltem
422 2356 604 2440 Stephanus
627 2357 777 2439 Pondigh
805 2371 837 2420 et
867 2357 984 2420 Paulas
1007 2371 1118 2420 contra
1147 2357 1348 2442 Mychaelem
1382 2356 1478 2420 Orto·

212 2463 295 2548 flych
319 2463 425 2546 primo
449 2463 536 2526 citati
560 2483 625 2526 non
650 2477 910 2548 comparuerunt.

318 2570 397 2633 ltem
422 2569 546 2654 Symon
571 2569 657 2633 filius
674 2569 865 2654 Chepernye
882 2584 992 2633 contra
1016 2568 1186 2632 dominum
1203 2569 1346 2633 Blasium
1363 2583 1477 2632 octavo

212 2677 260 2740 die
286 2675 442 2760 quasdam
467 2676 576 2740 literas
600 2677 815 2760 expeditorias
838 2676 988 2740 exhibere
1011 2676 1116 2742 debet.

318 2782 397 2845 ltem
425 2782 580 2845 Nicolaus
608 2783 772 2867 Glesnyak
805 2797 914 2846 contra
946 2783 1032 2846 lwan
1058 2782 1209 2866 Loytrich
1234 2782 1339 2866 primo
1364 2782 1478 2845 citatus

214 2909 276 2953 non
302 2890 493 2973 comparuit.

318 2995 397 3059 Item
421 3015 516 3058 causa
539 2996 665 3058 Nicolai
689 3010 800 3059 contra
824 2996 934 3065 Bartol
958 2996 998 3058 ad
1022 3009 1172 3058 octavum
1195 2994 1283 3058 diem
1307 2996 1346 3058 ad
1363 3016 1477 3079 pacem

212 3117 254 3166 est
279 3116 421 3185 recepta.

316 3208 395 3271 Item
428 3210 552 3292 Symon
584 3209 668 3271 filius
700 3208 893 3292 Chepernye
928 3221 1038 3271 contra
1072 3210 1217 3270 Marcum
1252 3208 1292 3271 de
1328 3207 1476 3272 Grachan

213 3315 367 3398 quasdam
392 3314 498 3377 literas
522 3315 671 3378 exhibere
697 3315 793 3378 debet
816 3328 931 3377 octavo
955 3313 1018 3377 die.

316 3421 395 3483 ltem
432 3420 608 3502 Gregorius
641 3420 885 3506 Chudauchych
920 3435 1030 3483 contra
1069 3419 1268 3504 Stephanum
1308 3418 1477 3503 Hlebopec

211 3528 314 3610 primo
340 3527 454 3589 citatus
478 3547 544 3590 non
568 3528 759 3611 comparuit.

317 3634 395 3696 ltem
428 3632 516 3715 quod
548 3634 624 3715 quia
657 3633 820 3696 Fabianus
851 3632 936 3695 filius
960 3632 1056 3695 Blasii
1089 3632 1128 3693 de
1160 3632 1283 3714 Posega
1308 3633 1340 3694 in
1365 3633 1473 3696 multi·

212 3740 317 3804 modis
341 3741 536 3823 nequiciosis
559 3739 650 3803 iactis
674 3754 705 3803 et
729 3740 931 3824 processibus
958 3737 1125 3802 manifeste
1149 3753 1195 3802 est
1219 3754 1373 3822 repertus,
1399 3741 1472 3802 ideo

212 3847 241 3909 in
267 3845 348 3909 facie
375 3847 406 3907 in
430 3846 532 3909 tribus
555 3847 635 3909 locis
658 3867 731 3908 cum
756 3845 840 3909 ierro
873 3846 991 3928 signari
1023 3859 1053 3908 et
1085 3845 1276 3908 decivitate
1301 3860 1476 3909 extratur·

212 3954 292 4035 piter
317 3953 477 4014 verberari
502 3953 608 4031 debet,
635 3967 665 4014 et
691 3972 856 4034 nunquam
880 3953 981 4036 possit
1004 3952 1036 4013 in
1059 3951 1220 4014 civitatem
1243 3951 1372 4032 intrare,
1396 3966 1427 4015 et
1450 3953 1475 4015 si

211 4059 240 4122 in
267 4059 395 4123 civitate
420 4073 563 4142 repertus
587 4058 694 4138 fuerit,
717 4073 795 4121 tunc
819 4059 952 4121 cremari
977 4057 1102 4121 debeat.

315 4167 394 4228 ltem
417 4167 493 4249 quia
518 4166 619 4228 Elena
644 4166 761 4229 mulier
794 4166 825 4227 in
852 4165 993 4247 quodam
1026 4163 1190 4227 lurticinio
1214 4179 1261 4227 est
1284 4164 1473 4248 aprehensa,

212 4274 285 4337 ideo
311 4293 374 4336 una
396 4294 453 4335 sua
485 4273 629 4335 auricula
661 4273 766 4334 abcidi
799 4272 905 4351 debet,
930 4285 961 4334 et
992 4272 1032 4334 de
1065 4271 1191 4333 civitate
1222 4284 1308 4332 extra
1341 4271 1476 4353 turpiter

212 4380 371 4443 verberari
402 4379 517 4459 debet,
549 4393 580 4441 et
611 4379 636 4441 si
670 4380 701 4441 in
734 4379 860 4441 civitate
891 4377 1070 4461 reperietur
1102 4378 1141 4440 de
1173 4388 1299 4458 cetero,
1323 4391 1398 4440 tunc
1424 4397 1475 4440 su·

211 4486 323 4570 spendi
352 4485 477 4549 debeat.

315 4592 394 4655 ltem
416 4591 577 4675 Georgius
601 4591 819 4675 carpentarius
842 4605 956 4654 octavo
981 4590 1033 4653 die
1057 4591 1171 4673 quinto
1195 4610 1228 4654 se
1253 4610 1347 4674 super
1372 4610 1411 4653 eo
1427 4588 1475 4673 ju·

213 4699 302 4780 rabit,
327 4698 415 4782 quod
440 4700 508 4783 ipse
533 4698 691 4781 quosdam
717 4698 852 4761 circulos
877 4698 917 4762 de
946 4697 1112 4781 Mychaele
1142 4697 1210 4760 filio
1235 4697 1383 4760 Damiani
1409 4715 1474 4759 non

214 4807 412 4870 subtraxerit.
