3404 5362
303 570 309 582 ⁴
331 544 484 607 Nicolaus
506 547 644 610 condam
669 547 777 628 judex.

329 650 510 734 Stephanus
534 652 618 715 filius
642 653 739 737 Vysk.

329 755 482 839 Gyurgek
506 758 591 820 lilius
614 759 750 823 Nicolai.
870 777 1110 858 Hungarosum,

328 862 491 927 lohannes
514 864 599 927 filius
622 864 718 927 Petri.

328 969 489 1033 Jobannes
512 990 658 1053 magnus.

328 1183 486 1244 Dominus
516 1184 597 1245 Pero

327 1287 487 1350 Dominus
511 1290 656 1352 Donatus
1097 1184 1110 1437 Ι

327 1394 494 1477 Philippus
517 1395 601 1457 lilius
629 1396 742 1461 Mauri.
1100 1440 1115 1703 1
1146 1410 1357 1475 Gallicorum.

695 1186 710 1379 }
746 1247 884 1310 condam
909 1245 1040 1327 judices.

327 1501 412 1562 Luca
437 1501 577 1565 Bonioli.

326 1607 508 1670 Anthonius
532 1610 655 1692 Renyz.

326 1821 485 1882 Dominus
508 1821 713 1900 Jacomellus,
737 1822 876 1883 condam
900 1820 1007 1904 judex.

325 1926 471 2009 Mychael
497 1925 668 2010 Orthophi.

325 2033 475 2094 Miclinus
498 2033 689 2096 thetonicus.
1111 2054 1377 2116 Thetonicomm·

324 2140 485 2201 Janslinus
507 2153 617 2202 tascar.

324 2246 411 2308 lwan
434 2245 519 2308 filius
543 2245 687 2309 lanslini.

323 2460 419 2537 Nota,
444 2458 531 2542 quod
555 2471 701 2540 tempore
718 2458 876 2540 judicatus
893 2458 1017 2522 domini
1035 2461 1195 2522 Francisci
1212 2459 1358 2543 predicti,
1374 2459 1482 2543 primo

220 2584 277 2647 per
301 2564 440 2627 eundem
465 2564 615 2645 judicem,
639 2563 758 2646 iuratos
791 2577 822 2626 et
852 2577 953 2627 totam
978 2567 1242 2630 communitatem
1274 2563 1334 2627 fuit
1357 2564 1483 2628 editum

218 2684 249 2732 et
271 2684 424 2733 statutum
448 2671 557 2731 animo
582 2669 770 2749 deliberato,
787 2671 876 2753 quod
899 2684 1015 2735 statuta
1039 2692 1094 2755 per
1111 2687 1236 2735 nostros
1260 2685 1480 2735 antecessores

218 2789 249 2838 et
258 2776 499 2859 predecessores
508 2774 586 2837 facta
605 2789 636 2838 et
652 2775 798 2838 ordinata
812 2778 1120 2860 quomodocumque
1133 2778 1184 2842 vel
1200 2777 1484 2860 qualitercumque

220 2881 252 2943 in
276 2902 335 2945 suo
364 2896 475 2945 tenore
507 2882 675 2944 existencia
708 2885 941 2965 approbamus,
966 2883 1158 2946 ratificamus
1188 2896 1220 2946 et
1252 2881 1482 2946 confirmamus

218 3002 371 3070 perpetue
395 2988 529 3050 valitura
548 3000 579 3050 et
596 2987 757 3068 duratura,
781 3009 822 3050 ne
845 3009 902 3071 per
919 2990 1105 3073 quempiam
1129 3003 1301 3052 retractura
1325 3001 1421 3072 prout
1446 2989 1484 3051 in

217 3109 325 3156 nostra
349 3095 514 3157 communi
546 3096 675 3156 katerna
699 3095 827 3177 plenius
857 3095 1062 3159 continentur
1086 3114 1158 3158 cum
1192 3095 1316 3159 statutis
1340 3092 1423 3156 inira
1447 3108 1480 3158 et

215 3221 309 3284 supra
333 3202 457 3284 scriptis
480 3222 536 3285 per
560 3201 700 3263 eundem
724 3201 864 3283 judicem
889 3202 1094 3264 Franciscum
1118 3201 1312 3265 deliberatis.

320 3306 398 3369 Item
422 3307 589 3369 statuimus
613 3320 644 3369 et
667 3307 777 3370 animo
808 3307 985 3370 deliberato
1006 3308 1217 3387 decrevimus,
1241 3307 1330 3389 quod
1353 3327 1372 3369 a
1395 3305 1479 3369 festo

214 3412 298 3474 beati
312 3413 441 3475 Martini
455 3411 644 3474 confessoris
657 3433 767 3497 usque,
780 3433 902 3476 novum
915 3414 1026 3475 vinum
1047 3433 1104 3476 seu
1116 3413 1314 3476 vindemiam
1329 3412 1477 3496 quicum·

215 3537 277 3599 que
293 3517 462 3580 hominum
479 3531 702 3581 extraneorum
719 3519 829 3581 vinum
847 3520 880 3580 in
897 3539 990 3582 curru
1015 3520 1047 3581 in
1066 3533 1208 3583 nostram
1224 3520 1385 3582 civitatem
1403 3539 1481 3582 con-

215 3624 350 3703 duxerit,
368 3624 538 3706 propinare
561 3624 745 3687 nullatenus
761 3624 878 3687 audeat
894 3645 951 3687 nec
968 3639 1198 3709 presumpmat,
1222 3625 1278 3688 sed
1303 3625 1336 3687 in
1360 3625 1479 3688 eodem

216 3749 320 3809 curru,
345 3744 454 3793 nostro
477 3750 534 3793 seu
558 3731 674 3793 nostris
696 3731 884 3794 concivibus
904 3732 1009 3815 ipsum
1034 3733 1145 3795 vinum
1177 3732 1315 3794 vendere
1340 3731 1483 3810 debent;

214 3835 405 3918 quiquidem
429 3849 555 3919 emptor
574 3835 674 3919 ipsius
697 3837 764 3898 vini
781 3836 929 3920 deposito
952 3839 1041 3922 prius
1062 3838 1221 3921 corporali
1238 3837 1419 3920 juramento
1444 3837 1478 3900 in

215 3941 380 4023 presencia
404 3940 519 4023 judicis
555 3956 660 4004 nostre
691 3942 826 4006 civitatis
857 3944 908 4006 vel
934 3944 1002 4006 eius
1033 3945 1200 4006 assessoris
1223 3964 1256 4006 se
1280 3944 1396 4007 debeat
1426 3964 1480 4006 ex·

213 4066 361 4129 purgare,
385 4047 473 4130 quod
497 4047 620 4110 nullam
644 4049 908 4112 communitatem
932 4069 988 4112 seu
1012 4050 1197 4113 societatem
1221 4050 1369 4112 habuerit
1384 4063 1479 4112 antea

213 4152 265 4214 vel
289 4166 361 4235 post
378 4154 410 4216 in
436 4155 511 4216 vino
530 4153 692 4237 predicto;
717 4155 847 4237 quodsi
872 4156 906 4218 in
930 4156 1070 4239 perjurio
1087 4157 1299 4240 reprehensus
1323 4154 1419 4218 fuerit
1443 4157 1477 4219 in

213 4257 347 4340 singulis
371 4258 429 4321 llll
453 4259 592 4322 denariis
616 4259 683 4341 ipsa
707 4260 835 4322 racione
860 4263 1085 4326 conscribatur.
1112 4263 1175 4325 Sed
1200 4261 1360 4340 volumus,
1384 4262 1476 4344 quod

215 4363 247 4426 in
272 4364 424 4427 nundinis
448 4386 504 4428 seu
521 4365 774 4449 congregacione
792 4368 883 4431 beate
907 4369 1109 4450 Margarethe
1126 4369 1259 4453 virginis
1283 4383 1315 4431 et
1339 4368 1480 4431 martiris

214 4472 303 4533 omni
327 4491 412 4535 anno
436 4472 633 4554 quicumque
658 4471 796 4535 voluerit
823 4472 959 4537 liberam
983 4475 1114 4538 habebit
1137 4475 1251 4537 vinum
1274 4474 1481 4537 conducendi

214 4591 246 4639 et
268 4597 341 4639 cum
365 4597 513 4639 mensura
530 4598 586 4640 seu
603 4578 690 4661 pinta
711 4591 817 4641 nostre
835 4583 1085 4659 communitatis,
1110 4581 1234 4645 nonde
1258 4601 1353 4643 curru
1378 4581 1480 4663 depo-

214 4682 333 4763 nendo,
357 4684 518 4747 vendendi
550 4683 752 4763 facultatem
784 4687 839 4749 sed
871 4707 997 4770 semper
1028 4690 1061 4749 in
1092 4708 1187 4750 curru
1214 4687 1331 4750 eodem
1355 4687 1387 4750 in
1413 4706 1480 4769 quo

214 4789 410 4853 conductum
435 4789 531 4853 fuerit
553 4791 755 4854 reservando.
