3404 5362
622 368 708 425 Anna
730 378 815 442 1377.
843 401 878 408 —
907 363 956 425 16.
974 367 1066 440 junii.

324 580 401 640 Item
427 599 520 639 causa
548 576 665 639 Genini
691 591 722 638 et
744 576 917 638 Alexandri
938 592 968 637 et
993 595 1048 658 per
1066 575 1228 637 Geninum
1255 573 1420 635 Gallicum
1444 570 1483 632 ad

213 699 286 745 octo
311 685 379 745 dies
401 699 526 766 recepta
550 684 590 745 ad
615 703 741 765 pacem.

324 791 401 852 Item
426 790 577 852 Miclinus
602 804 710 851 contra
737 788 899 851 Geninum
925 788 1030 869 primo
1055 787 1169 848 citatus
1193 805 1258 847 non
1292 784 1484 866 comparuit.

325 896 402 957 ltem
427 916 522 957 causa
547 894 700 977 Stephani
727 895 896 976 Hlebopek
922 906 953 955 et
978 892 1076 953 Marci
1109 891 1165 953 hlii
1191 890 1348 951 Gemzine
1374 901 1422 951 est
1444 888 1484 950 ad

214 1016 290 1065 octo
307 1002 375 1063 dies
389 1022 445 1085 per
458 1002 596 1081 judicem
614 1015 786 1083 prorogata
804 1001 829 1061 si
848 999 1043 1062 concordare
1060 1011 1221 1079 poterunt,
1240 998 1321 1057 bene
1339 995 1484 1077 quidem,

214 1110 358 1191 alioquin
383 1108 543 1188 justiciam
569 1106 723 1169 faciemus
748 1108 831 1168 inter
855 1120 969 1188 partes¹

320 1233 396 1293 Item
422 1232 576 1293 dominus
600 1231 744 1294 Donatus
769 1244 878 1292 contra
902 1230 1074 1291 Nicolaum
1103 1228 1206 1289 filium
1232 1227 1413 1288 Martinkus
1430 1244 1483 1286 oc-

214 1353 289 1401 tavo
314 1338 366 1399 die
390 1338 607 1420 respondebit.

323 1446 399 1506 ltem
426 1446 536 1506 Petrus
560 1457 669 1505 contra
699 1444 827 1504 Petrum
859 1458 1011 1504 sartorem
1037 1441 1114 1503 feria
1151 1453 1237 1502 sexta
1264 1438 1484 1521 respondebit.

324 1551 402 1612 Item
434 1570 527 1612 causa
560 1550 669 1610 Jacobi
704 1548 850 1631 pellihcis
886 1564 916 1610 et
948 1549 1071 1609 Marine
1107 1547 1250 1608 mulieris
1275 1558 1320 1606 est
1344 1544 1385 1605 ad
1411 1557 1485 1604 octo

215 1657 283 1718 dies
299 1656 489 1717 testimonio
503 1655 647 1716 Franche
665 1654 721 1716 filii
738 1655 862 1716 Nicolai
874 1668 1056 1736 prorogata,
1074 1668 1108 1715 ut
1125 1654 1229 1734 ipsum
1244 1649 1485 1732 vituperaverit.

323 1763 400 1824 Item
432 1762 586 1823 Nicolaus
618 1775 731 1823 octavo
763 1761 814 1822 die
847 1781 878 1821 se
910 1759 1070 1823 secundus
1105 1759 1223 1840 jurabit
1255 1758 1287 1818 in
1319 1776 1369 1836 eo,
1395 1754 1486 1837 quod

216 1870 320 1951 ipsum
345 1868 490 1929 Thomas
515 1867 657 1949 frenipar
680 1867 905 1928 verberaverit.

324 1976 401 2036 Item
428 1975 572 2036 Thomas
596 1974 757 2056 predictus
781 1995 812 2034 se
836 1973 995 2035 secundus
1030 1973 1145 2049 iurabit
1170 1973 1202 2033 in
1228 1992 1279 2048 eo,
1303 1969 1392 2051 quod
1418 1969 1487 2050 ipse

219 2080 417 2162 Stephanum
443 2101 507 2141 non
532 2082 757 2158 verberaverit,
790 2095 821 2141 et
845 2093 973 2161 propter
998 2081 1085 2160 quod
1119 2079 1258 2139 eundem
1284 2076 1486 2159 Stephanum

219 2187 426 2247 incarceravit
450 2186 488 2246 111
512 2206 627 2268 pensas
650 2187 709 2248 sibi
735 2187 900 2247 exsolvere
925 2186 1020 2247 debet
1045 2187 1076 2246 in
1102 2185 1284 2267 quindenis.

323 2291 401 2352 Item
427 2291 572 2353 Thomas
596 2305 709 2353 octavo
743 2292 794 2352 die
828 2312 883 2373 per
914 2292 1127 2369 Anthonium,
1153 2290 1352 2372 Stephanum
1384 2289 1487 2350 Pazar

217 2410 248 2459 et
273 2397 379 2459 Mathe
405 2396 601 2480 freniparum
625 2397 771 2459 atestabit
794 2417 889 2479 super
913 2417 963 2476 e0,
993 2399 1080 2478 quod
1112 2398 1292 2479 Stephanus
1315 2395 1483 2478 potencia·

218 2502 290 2564 liter
313 2523 403 2564 suam
428 2517 532 2565 cutem
559 2505 739 2586 recepisset.

245 2719 341 2794 Feria
371 2726 476 2792 tercia
506 2726 660 2810 proxima
689 2734 765 2812 post
802 2726 923 2799 festum
951 2728 1127 2797 beatorum
1156 2726 1224 2797 Viti
1254 2733 1287 2796 et
1316 2724 1461 2796 Modesti

749 2853 939 2921 martirum.

753 3017 819 3099 (16.
836 3018 945 3100 junii).

325 3175 433 3237 Primo
459 3176 657 3258 Dragozlaus
681 3192 790 3238 contra
825 3179 1003 3261 Symonem
1036 3177 1216 3240 carnificem
1241 3179 1347 3259 primo
1371 3178 1487 3239 citatus

219 3302 285 3345 non
310 3282 499 3363 comparuit.

326 3388 404 3449 item
430 3408 522 3449 causa
556 3388 723 3450 Elizabeth
756 3404 786 3450 et
810 3390 934 3451 Nicolai
968 3405 1014 3452 est
1045 3391 1084 3451 ad
1117 3407 1190 3453 octo
1215 3392 1282 3452 dies
1313 3403 1486 3473 prorogata

220 3514 276 3576 per
300 3493 438 3572 judicem
463 3493 502 3554 ad
521 3493 701 3555 exhibenda
719 3496 860 3576 ipsorum
879 3495 958 3574 jura,
977 3497 1002 3557 si
1021 3518 1083 3577 qua
1101 3497 1271 3559 habuerint
1288 3497 1369 3558 inter
1387 3498 1484 3579 ipsos.

326 3599 402 3660 Item
435 3598 615 3680 Stephanus
640 3599 822 3662 Pechohleb
847 3617 956 3663 contra
982 3602 1161 3664 Johannem
1187 3604 1345 3665 decanum
1369 3617 1486 3664 octavo

219 3705 271 3766 die
295 3705 512 3786 respondebit.

325 3810 404 3872 Item
429 3810 589 3891 Georgius
605 3812 700 3894 rybar
723 3825 832 3873 contra
851 3813 936 3874 Ivvan
954 3816 1060 3895 primo
1077 3817 1190 3877 citatus
1213 3836 1278 3876 non
1295 3815 1486 3897 comparuit.

326 3916 403 3979 ltem
430 3917 515 3999 Span
541 3931 655 3979 octavo
688 3918 739 3979 die
771 3939 827 3999 per
859 3920 1032 3981 Bedicham
1064 3921 1254 4000 carnificem,
1279 3921 1484 3983 Anthonium

219 4038 361 4085 sutorem
386 4036 416 4084 et
442 4023 645 4084 Pauerlinum
671 4025 819 4086 atestabit
843 4039 951 4086 contra
980 4027 1136 4088 Jacobum
1162 4027 1329 4109 pellificem
1355 4028 1486 4089 racione

219 4129 468 4210 composicionis
484 4129 579 4190 unius
597 4144 777 4191 manstruce
801 4131 959 4212 quidquid
978 4132 1160 4195 ordinatum
1179 4132 1273 4195 fuerit
1289 4133 1371 4195 inter
1388 4134 1486 4215 ipsos.

325 4255 402 4315 Item
430 4255 571 4337 Kyrinus
595 4271 703 4316 contra
722 4256 921 4318 Demetrium
942 4279 997 4340 per
1016 4258 1193 4340 Georgium
1219 4273 1249 4321 et
1273 4261 1403 4322 Petrum
1420 4281 1486 4322 sar·

221 4374 324 4421 torem
342 4362 490 4423 atestabit
507 4361 538 4421 in
556 4380 606 4438 e0,
620 4361 707 4441 quod
722 4363 788 4444 ipse
802 4383 896 4424 suum
914 4367 1104 4446 cappucium
1122 4367 1289 4448 vyolenter
1304 4368 1486 4450 recepisset.

329 4467 517 4528 itemcausa
543 4466 675 4549 Georgii
709 4470 838 4529 sartoris
870 4485 900 4531 et
925 4470 1039 4554 Gyuan
1066 4487 1112 4534 est
1142 4494 1198 4555 per
1223 4474 1422 4557 Stephanum
1455 4490 1488 4538 et

222 4570 424 4633 Anthonium
449 4573 551 4633 Reniz
575 4573 615 4633 ad
640 4588 714 4635 octo
738 4574 805 4635 dies
829 4591 954 4657 recepta
979 4578 1018 4637 ad
1043 4598 1166 4658 pacem.

330 4678 408 4739 Item
433 4699 526 4740 causa
551 4678 660 4740 Jacobi
686 4680 831 4761 pellificis
864 4697 894 4743 et
918 4684 1039 4744 Mariua
1073 4700 1118 4746 est
1143 4707 1198 4767 per
1228 4701 1323 4748 testes
1346 4690 1387 4750 ad
1412 4703 1487 4752 octo

221 4783 289 4844 dies
312 4801 492 4866 prorogata.
