<?xml version="1.0" encoding="UTF-8"?>
<!DOCTYPE html PUBLIC "-//W3C//DTD XHTML 1.0 Transitional//EN"
    "http://www.w3.org/TR/xhtml1/DTD/xhtml1-transitional.dtd">
<html xmlns="http://www.w3.org/1999/xhtml" xml:lang="en" lang="en">
 <head>
  <title>
</title>
<meta http-equiv="Content-Type" content="text/html;charset=utf-8" />
  <meta name='ocr-system' content='tesseract 3.04.00' />
  <meta name='ocr-capabilities' content='ocr_page ocr_carea ocr_par ocr_line ocrx_word'/>
</head>
<body>
  <div class='ocr_page' id='page_1' title='image "./monumentahistor04laszgoog/monumentahistor04laszgoog_0099.png"; bbox 0 0 3404 5362; ppageno 0'>
   <div class='ocr_carea' id='block_1_1' title="bbox 637 351 1053 431">
    <p class='ocr_par' dir='ltr' id='par_1_1' title="bbox 637 351 1053 431">
     <span class='ocr_line' id='line_1_1' title="bbox 637 351 1053 431; baseline 0.005 -19"><span class='ocrx_word' id='word_1_1' title='bbox 637 356 723 413; x_wconf 80' lang='lat' dir='ltr'>Anno</span> <span class='ocrx_word' id='word_1_2' title='bbox 746 351 835 431; x_wconf 76' lang='lat'><em>1376.</em></span> <span class='ocrx_word' id='word_1_3' title='bbox 858 388 902 398; x_wconf 90' lang='lat'>—</span> <span class='ocrx_word' id='word_1_4' title='bbox 925 368 953 415; x_wconf 90' lang='lat'>1.</span> <span class='ocrx_word' id='word_1_5' title='bbox 970 356 1053 430; x_wconf 78' lang='lat' dir='ltr'>julii.</span> 
     </span>
    </p>
   </div>
   <div class='ocr_carea' id='block_1_2' title="bbox 213 564 1483 1710">
    <p class='ocr_par' dir='ltr' id='par_1_2' title="bbox 215 564 1472 757">
     <span class='ocr_line' id='line_1_2' title="bbox 321 564 1472 646; baseline -0.004 -17"><span class='ocrx_word' id='word_1_6' title='bbox 321 568 399 630; x_wconf 89' lang='lat' dir='ltr'><strong>Item</strong></span> <span class='ocrx_word' id='word_1_7' title='bbox 423 565 569 629; x_wconf 84' lang='lat' dir='ltr'><strong>Thomas</strong></span> <span class='ocrx_word' id='word_1_8' title='bbox 601 580 710 628; x_wconf 91' lang='lat' dir='ltr'>contra</span> <span class='ocrx_word' id='word_1_9' title='bbox 734 565 928 646; x_wconf 84' lang='lat' dir='ltr'>Gregorium</span> <span class='ocrx_word' id='word_1_10' title='bbox 960 582 1070 625; x_wconf 88' lang='lat' dir='ltr'>voscar</span> <span class='ocrx_word' id='word_1_11' title='bbox 1100 564 1243 627; x_wconf 91' lang='lat' dir='ltr'>secundo</span> <span class='ocrx_word' id='word_1_12' title='bbox 1272 565 1387 627; x_wconf 91' lang='lat' dir='ltr'>citatus</span> <span class='ocrx_word' id='word_1_13' title='bbox 1410 583 1472 625; x_wconf 92' lang='lat' dir='ltr'>non</span> 
     </span>
     <span class='ocr_line' id='line_1_3' title="bbox 215 674 404 757; baseline 0 -21"><span class='ocrx_word' id='word_1_14' title='bbox 215 674 404 757; x_wconf 80' lang='lat' dir='ltr'><strong>comparuit.</strong></span> 
     </span>
    </p>

    <p class='ocr_par' dir='ltr' id='par_1_3' title="bbox 214 776 1481 969">
     <span class='ocr_line' id='line_1_4' title="bbox 321 776 1481 862; baseline -0.003 -20"><span class='ocrx_word' id='word_1_15' title='bbox 321 780 400 842; x_wconf 90' lang='lat' dir='ltr'>ltem</span> <span class='ocrx_word' id='word_1_16' title='bbox 424 779 556 842; x_wconf 90' lang='lat' dir='ltr'>domina</span> <span class='ocrx_word' id='word_1_17' title='bbox 580 778 750 862; x_wconf 88' lang='lat' dir='ltr'>Domyana</span> <span class='ocrx_word' id='word_1_18' title='bbox 774 792 884 841; x_wconf 89' lang='lat' dir='ltr'>contra</span> <span class='ocrx_word' id='word_1_19' title='bbox 909 777 1103 859; x_wconf 81' lang='lat' dir='ltr'>Gregorium</span> <span class='ocrx_word' id='word_1_20' title='bbox 1127 796 1239 838; x_wconf 87' lang='lat' dir='ltr'>voscar</span> <span class='ocrx_word' id='word_1_21' title='bbox 1260 776 1370 858; x_wconf 92' lang='lat' dir='ltr'>primo</span> <span class='ocrx_word' id='word_1_22' title='bbox 1387 776 1481 838; x_wconf 91' lang='lat' dir='ltr'>citata</span> 
     </span>
     <span class='ocr_line' id='line_1_5' title="bbox 214 886 494 969; baseline -0.004 -21"><span class='ocrx_word' id='word_1_23' title='bbox 214 905 280 948; x_wconf 92' lang='lat' dir='ltr'>uon</span> <span class='ocrx_word' id='word_1_24' title='bbox 304 886 494 969; x_wconf 84' lang='lat' dir='ltr'>comparuit.</span> 
     </span>
    </p>

    <p class='ocr_par' dir='ltr' id='par_1_4' title="bbox 214 987 1482 1180">
     <span class='ocr_line' id='line_1_6' title="bbox 320 987 1482 1073; baseline -0.003 -20"><span class='ocrx_word' id='word_1_25' title='bbox 320 992 398 1054; x_wconf 90' lang='lat' dir='ltr'>ltem</span> <span class='ocrx_word' id='word_1_26' title='bbox 423 1012 515 1054; x_wconf 89' lang='lat' dir='ltr'>causa</span> <span class='ocrx_word' id='word_1_27' title='bbox 553 991 708 1053; x_wconf 89' lang='lat' dir='ltr'>Johaunis</span> <span class='ocrx_word' id='word_1_28' title='bbox 739 990 846 1071; x_wconf 82' lang='lat' dir='ltr'>vigilis</span> <span class='ocrx_word' id='word_1_29' title='bbox 878 1003 924 1052; x_wconf 90' lang='lat' dir='ltr'>est</span> <span class='ocrx_word' id='word_1_30' title='bbox 954 1010 1011 1073; x_wconf 92' lang='lat' dir='ltr'>per</span> <span class='ocrx_word' id='word_1_31' title='bbox 1041 989 1230 1070; x_wconf 82' lang='lat' dir='ltr'>magistrum</span> <span class='ocrx_word' id='word_1_32' title='bbox 1261 987 1410 1050; x_wconf 87' lang='lat' dir='ltr'>Francba</span> <span class='ocrx_word' id='word_1_33' title='bbox 1441 988 1482 1049; x_wconf 91' lang='lat' dir='ltr'>ad</span> 
     </span>
     <span class='ocr_line' id='line_1_7' title="bbox 214 1098 589 1180; baseline -0.003 -20"><span class='ocrx_word' id='word_1_34' title='bbox 214 1110 288 1160; x_wconf 93' lang='lat' dir='ltr'>octo</span> <span class='ocrx_word' id='word_1_35' title='bbox 312 1098 380 1159; x_wconf 90' lang='lat' dir='ltr'>dies</span> <span class='ocrx_word' id='word_1_36' title='bbox 408 1111 589 1180; x_wconf 83' lang='lat' dir='ltr'>prorogata.</span> 
     </span>
    </p>

    <p class='ocr_par' dir='ltr' id='par_1_5' title="bbox 213 1200 1482 1498">
     <span class='ocr_line' id='line_1_8' title="bbox 319 1200 1482 1281; baseline -0.003 -16"><span class='ocrx_word' id='word_1_37' title='bbox 319 1202 397 1265; x_wconf 90' lang='lat' dir='ltr'>ltem</span> <span class='ocrx_word' id='word_1_38' title='bbox 423 1203 583 1266; x_wconf 91' lang='lat' dir='ltr'>Janchech</span> <span class='ocrx_word' id='word_1_39' title='bbox 606 1202 767 1266; x_wconf 80' lang='lat' dir='ltr'>aurifaber</span> <span class='ocrx_word' id='word_1_40' title='bbox 789 1215 900 1265; x_wconf 92' lang='lat' dir='ltr'>contra</span> <span class='ocrx_word' id='word_1_41' title='bbox 916 1202 1050 1265; x_wconf 89' lang='lat' dir='ltr'>luanum</span> <span class='ocrx_word' id='word_1_42' title='bbox 1075 1202 1215 1265; x_wconf 89' lang='lat' dir='ltr'>Plauech</span> <span class='ocrx_word' id='word_1_43' title='bbox 1242 1222 1275 1265; x_wconf 94' lang='lat' dir='ltr'>se</span> <span class='ocrx_word' id='word_1_44' title='bbox 1300 1214 1408 1264; x_wconf 82' lang='lat' dir='ltr'>sextus</span> <span class='ocrx_word' id='word_1_45' title='bbox 1432 1200 1482 1281; x_wconf 92' lang='lat' dir='ltr'>ju·</span> 
     </span>
     <span class='ocr_line' id='line_1_9' title="bbox 213 1308 1479 1392; baseline -0.002 -21"><span class='ocrx_word' id='word_1_46' title='bbox 213 1310 294 1372; x_wconf 90' lang='lat' dir='ltr'>rabit</span> <span class='ocrx_word' id='word_1_47' title='bbox 317 1323 431 1372; x_wconf 92' lang='lat' dir='ltr'>octavo</span> <span class='ocrx_word' id='word_1_48' title='bbox 455 1309 507 1371; x_wconf 93' lang='lat' dir='ltr'>die</span> <span class='ocrx_word' id='word_1_49' title='bbox 530 1329 626 1391; x_wconf 89' lang='lat' dir='ltr'>super</span> <span class='ocrx_word' id='word_1_50' title='bbox 649 1329 700 1388; x_wconf 82' lang='lat' dir='ltr'>eo,</span> <span class='ocrx_word' id='word_1_51' title='bbox 724 1309 813 1391; x_wconf 95' lang='lat' dir='ltr'>quod</span> <span class='ocrx_word' id='word_1_52' title='bbox 837 1309 904 1392; x_wconf 90' lang='lat' dir='ltr'>ipse</span> <span class='ocrx_word' id='word_1_53' title='bbox 928 1309 1047 1371; x_wconf 88' lang='lat' dir='ltr'>inscius</span> <span class='ocrx_word' id='word_1_54' title='bbox 1069 1308 1109 1371; x_wconf 90' lang='lat' dir='ltr'>sit</span> <span class='ocrx_word' id='word_1_55' title='bbox 1132 1309 1164 1370; x_wconf 93' lang='lat' dir='ltr'>in</span> <span class='ocrx_word' id='word_1_56' title='bbox 1189 1308 1377 1391; x_wconf 87' lang='lat' dir='ltr'>perdicione</span> <span class='ocrx_word' id='word_1_57' title='bbox 1396 1326 1479 1388; x_wconf 89' lang='lat' dir='ltr'>qua-</span> 
     </span>
     <span class='ocr_line' id='line_1_10' title="bbox 214 1415 1138 1498; baseline 0.001 -20"><span class='ocrx_word' id='word_1_58' title='bbox 214 1415 362 1478; x_wconf 79' lang='lat' dir='ltr'><strong>rumdam</strong></span> <span class='ocrx_word' id='word_1_59' title='bbox 387 1416 551 1478; x_wconf 88' lang='lat' dir='ltr'>literamm</span> <span class='ocrx_word' id='word_1_60' title='bbox 575 1431 607 1479; x_wconf 93' lang='lat' dir='ltr'>et</span> <span class='ocrx_word' id='word_1_61' title='bbox 631 1417 663 1478; x_wconf 90' lang='lat' dir='ltr'>in</span> <span class='ocrx_word' id='word_1_62' title='bbox 688 1416 916 1498; x_wconf 86' lang='lat' dir='ltr'>redempcione</span> <span class='ocrx_word' id='word_1_63' title='bbox 941 1415 1138 1479; x_wconf 90' lang='lat' dir='ltr'>earumdem.</span> 
     </span>
    </p>

    <p class='ocr_par' dir='ltr' id='par_1_6' title="bbox 214 1519 1483 1710">
     <span class='ocr_line' id='line_1_11' title="bbox 320 1519 1483 1604; baseline 0.001 -22"><span class='ocrx_word' id='word_1_64' title='bbox 320 1522 398 1583; x_wconf 90' lang='lat' dir='ltr'>ltem</span> <span class='ocrx_word' id='word_1_65' title='bbox 424 1522 553 1586; x_wconf 81' lang='lat' dir='ltr'>Lachlro</span> <span class='ocrx_word' id='word_1_66' title='bbox 577 1522 722 1604; x_wconf 82' lang='lat' dir='ltr'>Georgio</span> <span class='ocrx_word' id='word_1_67' title='bbox 754 1522 786 1583; x_wconf 94' lang='lat' dir='ltr'>in</span> <span class='ocrx_word' id='word_1_68' title='bbox 810 1522 984 1604; x_wconf 85' lang='lat' dir='ltr'>quindenis</span> <span class='ocrx_word' id='word_1_69' title='bbox 1015 1521 1094 1583; x_wconf 91' lang='lat' dir='ltr'>duas</span> <span class='ocrx_word' id='word_1_70' title='bbox 1117 1540 1241 1583; x_wconf 89' lang='lat' dir='ltr'>marcas</span> <span class='ocrx_word' id='word_1_71' title='bbox 1270 1519 1483 1583; x_wconf 89' lang='lat' dir='ltr'>denariorum</span> 
     </span>
     <span class='ocr_line' id='line_1_12' title="bbox 214 1627 1483 1710; baseline 0.002 -21"><span class='ocrx_word' id='word_1_72' title='bbox 214 1639 244 1689; x_wconf 93' lang='lat' dir='ltr'>et</span> <span class='ocrx_word' id='word_1_73' title='bbox 267 1627 366 1710; x_wconf 87' lang='lat' dir='ltr'>judici</span> <span class='ocrx_word' id='word_1_74' title='bbox 384 1628 523 1689; x_wconf 87' lang='lat' dir='ltr'>mediam</span> <span class='ocrx_word' id='word_1_75' title='bbox 541 1647 681 1690; x_wconf 88' lang='lat' dir='ltr'>marcam</span> <span class='ocrx_word' id='word_1_76' title='bbox 695 1627 858 1690; x_wconf 84' lang='lat' dir='ltr'>exsolvere</span> <span class='ocrx_word' id='word_1_77' title='bbox 875 1627 972 1690; x_wconf 93' lang='lat' dir='ltr'>debet</span> <span class='ocrx_word' id='word_1_78' title='bbox 988 1640 1117 1710; x_wconf 90' lang='lat' dir='ltr'>propter</span> <span class='ocrx_word' id='word_1_79' title='bbox 1133 1628 1265 1688; x_wconf 90' lang='lat' dir='ltr'>verbera</span> <span class='ocrx_word' id='word_1_80' title='bbox 1285 1627 1396 1689; x_wconf 86' lang='lat' dir='ltr'>uxoris</span> <span class='ocrx_word' id='word_1_81' title='bbox 1412 1647 1483 1692; x_wconf 90' lang='lat' dir='ltr'>sue.</span> 
     </span>
    </p>
   </div>
   <div class='ocr_carea' id='block_1_3' title="bbox 213 1749 1484 2259">
    <p class='ocr_par' dir='ltr' id='par_1_7' title="bbox 214 1749 1484 2030">
     <span class='ocr_line' id='line_1_13' title="bbox 319 1749 1484 1833; baseline 0 -20"><span class='ocrx_word' id='word_1_82' title='bbox 319 1752 397 1813; x_wconf 90' lang='lat' dir='ltr'>ltem</span> <span class='ocrx_word' id='word_1_83' title='bbox 421 1753 530 1815; x_wconf 90' lang='lat' dir='ltr'>relicta</span> <span class='ocrx_word' id='word_1_84' title='bbox 553 1751 647 1815; x_wconf 90' lang='lat' dir='ltr'>Frich</span> <span class='ocrx_word' id='word_1_85' title='bbox 682 1766 797 1815; x_wconf 86' lang='lat' dir='ltr'>octavo</span> <span class='ocrx_word' id='word_1_86' title='bbox 828 1752 881 1814; x_wconf 90' lang='lat' dir='ltr'>die</span> <span class='ocrx_word' id='word_1_87' title='bbox 906 1766 1016 1814; x_wconf 89' lang='lat' dir='ltr'>contra</span> <span class='ocrx_word' id='word_1_88' title='bbox 1039 1769 1133 1813; x_wconf 92' lang='lat' dir='ltr'>suum</span> <span class='ocrx_word' id='word_1_89' title='bbox 1164 1749 1350 1833; x_wconf 81' lang='lat' dir='ltr'>privignum</span> <span class='ocrx_word' id='word_1_90' title='bbox 1376 1770 1409 1812; x_wconf 91' lang='lat' dir='ltr'>se</span> <span class='ocrx_word' id='word_1_91' title='bbox 1434 1770 1484 1813; x_wconf 85' lang='lat' dir='ltr'>se·</span> 
     </span>
     <span class='ocr_line' id='line_1_14' title="bbox 214 1855 1483 1940; baseline -0.001 -21"><span class='ocrx_word' id='word_1_92' title='bbox 214 1857 318 1919; x_wconf 92' lang='lat' dir='ltr'>cunda</span> <span class='ocrx_word' id='word_1_93' title='bbox 342 1858 458 1934; x_wconf 88' lang='lat' dir='ltr'>jurabit</span> <span class='ocrx_word' id='word_1_94' title='bbox 481 1859 513 1920; x_wconf 92' lang='lat' dir='ltr'>in</span> <span class='ocrx_word' id='word_1_95' title='bbox 531 1877 581 1939; x_wconf 85' lang='lat' dir='ltr'>eo,</span> <span class='ocrx_word' id='word_1_96' title='bbox 609 1859 699 1940; x_wconf 93' lang='lat' dir='ltr'>quod</span> <span class='ocrx_word' id='word_1_97' title='bbox 719 1858 780 1920; x_wconf 86' lang='lat' dir='ltr'>sibi</span> <span class='ocrx_word' id='word_1_98' title='bbox 806 1857 955 1920; x_wconf 89' lang='lat' dir='ltr'>undecim</span> <span class='ocrx_word' id='word_1_99' title='bbox 975 1857 1101 1920; x_wconf 84' lang='lat' dir='ltr'>cubulia</span> <span class='ocrx_word' id='word_1_100' title='bbox 1117 1855 1268 1918; x_wconf 84' lang='lat' dir='ltr'>frumenti</span> <span class='ocrx_word' id='word_1_101' title='bbox 1285 1869 1317 1918; x_wconf 88' lang='lat' dir='ltr'>et</span> <span class='ocrx_word' id='word_1_102' title='bbox 1333 1856 1483 1938; x_wconf 90' lang='lat' dir='ltr'>quinque</span> 
     </span>
     <span class='ocr_line' id='line_1_15' title="bbox 214 1963 759 2030; baseline 0.006 -4"><span class='ocrx_word' id='word_1_103' title='bbox 214 1963 327 2026; x_wconf 88' lang='lat' dir='ltr'>marcis</span> <span class='ocrx_word' id='word_1_104' title='bbox 359 1964 565 2026; x_wconf 90' lang='lat' dir='ltr'>denariorum</span> <span class='ocrx_word' id='word_1_105' title='bbox 587 1978 759 2030; x_wconf 90' lang='lat' dir='ltr'>teneretur.</span> 
     </span>
    </p>

    <p class='ocr_par' dir='ltr' id='par_1_8' title="bbox 213 2064 1482 2259">
     <span class='ocr_line' id='line_1_16' title="bbox 317 2064 1482 2153; baseline -0.001 -21"><span class='ocrx_word' id='word_1_106' title='bbox 317 2070 395 2133; x_wconf 87' lang='lat' dir='ltr'>ltem</span> <span class='ocrx_word' id='word_1_107' title='bbox 413 2071 575 2133; x_wconf 77' lang='lat' dir='ltr'>lohannes</span> <span class='ocrx_word' id='word_1_108' title='bbox 591 2071 631 2134; x_wconf 90' lang='lat' dir='ltr'>de</span> <span class='ocrx_word' id='word_1_109' title='bbox 647 2071 798 2152; x_wconf 88' lang='lat' dir='ltr'>Vgroucb</span> <span class='ocrx_word' id='word_1_110' title='bbox 815 2071 932 2153; x_wconf 84' lang='lat' dir='ltr'>jurabit</span> <span class='ocrx_word' id='word_1_111' title='bbox 948 2090 981 2132; x_wconf 94' lang='lat' dir='ltr'>se</span> <span class='ocrx_word' id='word_1_112' title='bbox 997 2070 1114 2132; x_wconf 88' lang='lat' dir='ltr'>tercius</span> <span class='ocrx_word' id='word_1_113' title='bbox 1130 2068 1218 2150; x_wconf 92' lang='lat' dir='ltr'>quod</span> <span class='ocrx_word' id='word_1_114' title='bbox 1236 2068 1304 2151; x_wconf 90' lang='lat' dir='ltr'>ipse</span> <span class='ocrx_word' id='word_1_115' title='bbox 1322 2064 1482 2152; x_wconf 88' lang='lat' dir='ltr'>(emisset)</span> 
     </span>
     <span class='ocr_line' id='line_1_17' title="bbox 213 2175 1153 2259; baseline -0.001 -21"><span class='ocrx_word' id='word_1_116' title='bbox 213 2177 376 2259; x_wconf 90' lang='lat' dir='ltr'>quandam</span> <span class='ocrx_word' id='word_1_117' title='bbox 400 2178 541 2239; x_wconf 89' lang='lat' dir='ltr'>tunicam</span> <span class='ocrx_word' id='word_1_118' title='bbox 566 2177 751 2240; x_wconf 89' lang='lat' dir='ltr'>nescivisset</span> <span class='ocrx_word' id='word_1_119' title='bbox 774 2191 882 2240; x_wconf 92' lang='lat' dir='ltr'>utrum</span> <span class='ocrx_word' id='word_1_120' title='bbox 906 2175 1008 2239; x_wconf 87' lang='lat' dir='ltr'>furata</span> <span class='ocrx_word' id='word_1_121' title='bbox 1032 2175 1153 2237; x_wconf 89' lang='lat' dir='ltr'>fuisset.</span> 
     </span>
    </p>
   </div>
   <div class='ocr_carea' id='block_1_4' title="bbox 212 2297 1484 2701">
    <p class='ocr_par' dir='ltr' id='par_1_9' title="bbox 213 2297 1482 2490">
     <span class='ocr_line' id='line_1_18' title="bbox 318 2297 1482 2384; baseline 0.002 -23"><span class='ocrx_word' id='word_1_122' title='bbox 318 2300 396 2362; x_wconf 93' lang='lat' dir='ltr'>ltem</span> <span class='ocrx_word' id='word_1_123' title='bbox 429 2321 521 2363; x_wconf 89' lang='lat' dir='ltr'>causa</span> <span class='ocrx_word' id='word_1_124' title='bbox 554 2301 683 2363; x_wconf 88' lang='lat' dir='ltr'>Martini</span> <span class='ocrx_word' id='word_1_125' title='bbox 716 2301 863 2382; x_wconf 83' lang='lat' dir='ltr'>Hungari</span> <span class='ocrx_word' id='word_1_126' title='bbox 897 2313 928 2362; x_wconf 91' lang='lat' dir='ltr'>et</span> <span class='ocrx_word' id='word_1_127' title='bbox 960 2299 1076 2384; x_wconf 85' lang='lat' dir='ltr'>Gyuan</span> <span class='ocrx_word' id='word_1_128' title='bbox 1109 2310 1155 2361; x_wconf 90' lang='lat' dir='ltr'>est</span> <span class='ocrx_word' id='word_1_129' title='bbox 1186 2316 1242 2380; x_wconf 92' lang='lat' dir='ltr'>per</span> <span class='ocrx_word' id='word_1_130' title='bbox 1274 2297 1482 2363; x_wconf 80' lang='lat' dir='ltr'>Anthonium</span> 
     </span>
     <span class='ocr_line' id='line_1_19' title="bbox 213 2406 941 2490; baseline 0.003 -23"><span class='ocrx_word' id='word_1_131' title='bbox 213 2406 325 2489; x_wconf 88' lang='lat' dir='ltr'>Renyz</span> <span class='ocrx_word' id='word_1_132' title='bbox 349 2407 390 2468; x_wconf 91' lang='lat' dir='ltr'>ad</span> <span class='ocrx_word' id='word_1_133' title='bbox 414 2422 487 2469; x_wconf 95' lang='lat' dir='ltr'>octo</span> <span class='ocrx_word' id='word_1_134' title='bbox 512 2408 580 2469; x_wconf 90' lang='lat' dir='ltr'>dies</span> <span class='ocrx_word' id='word_1_135' title='bbox 603 2421 730 2489; x_wconf 87' lang='lat' dir='ltr'>recepta</span> <span class='ocrx_word' id='word_1_136' title='bbox 753 2408 793 2469; x_wconf 92' lang='lat' dir='ltr'>ad</span> <span class='ocrx_word' id='word_1_137' title='bbox 817 2426 941 2490; x_wconf 92' lang='lat' dir='ltr'>pacem.</span> 
     </span>
    </p>

    <p class='ocr_par' dir='ltr' id='par_1_10' title="bbox 212 2512 1484 2701">
     <span class='ocr_line' id='line_1_20' title="bbox 319 2512 1484 2595; baseline 0.001 -22"><span class='ocrx_word' id='word_1_138' title='bbox 319 2512 397 2574; x_wconf 90' lang='lat' dir='ltr'>ltem</span> <span class='ocrx_word' id='word_1_139' title='bbox 429 2514 581 2575; x_wconf 90' lang='lat' dir='ltr'>Nicolaus</span> <span class='ocrx_word' id='word_1_140' title='bbox 611 2514 643 2575; x_wconf 93' lang='lat' dir='ltr'>in</span> <span class='ocrx_word' id='word_1_141' title='bbox 685 2513 859 2595; x_wconf 88' lang='lat' dir='ltr'>quindenis</span> <span class='ocrx_word' id='word_1_142' title='bbox 896 2531 952 2573; x_wconf 90' lang='lat' dir='ltr'>sue</span> <span class='ocrx_word' id='word_1_143' title='bbox 984 2530 1121 2574; x_wconf 88' lang='lat' dir='ltr'>noverce</span> <span class='ocrx_word' id='word_1_144' title='bbox 1160 2513 1310 2575; x_wconf 89' lang='lat' dir='ltr'>undecim</span> <span class='ocrx_word' id='word_1_145' title='bbox 1342 2514 1484 2576; x_wconf 90' lang='lat' dir='ltr'>cubulos</span> 
     </span>
     <span class='ocr_line' id='line_1_21' title="bbox 212 2616 1142 2701; baseline 0.002 -22"><span class='ocrx_word' id='word_1_146' title='bbox 212 2616 363 2681; x_wconf 89' lang='lat' dir='ltr'>frumenti</span> <span class='ocrx_word' id='word_1_147' title='bbox 388 2631 418 2679; x_wconf 93' lang='lat' dir='ltr'>et</span> <span class='ocrx_word' id='word_1_148' title='bbox 442 2620 586 2701; x_wconf 89' lang='lat' dir='ltr'>quinque</span> <span class='ocrx_word' id='word_1_149' title='bbox 610 2638 732 2681; x_wconf 87' lang='lat' dir='ltr'>marcas</span> <span class='ocrx_word' id='word_1_150' title='bbox 756 2619 964 2681; x_wconf 87' lang='lat' dir='ltr'>denariorum</span> <span class='ocrx_word' id='word_1_151' title='bbox 988 2618 1142 2681; x_wconf 88' lang='lat' dir='ltr'>exsolvet.</span> 
     </span>
    </p>
   </div>
   <div class='ocr_carea' id='block_1_5' title="bbox 212 2851 1481 3053">
    <p class='ocr_par' dir='ltr' id='par_1_11' title="bbox 212 2851 1481 3053">
     <span class='ocr_line' id='line_1_22' title="bbox 212 2851 1481 2946; baseline 0.002 -19"><span class='ocrx_word' id='word_1_152' title='bbox 212 2851 310 2927; x_wconf 82' lang='lat' dir='ltr'>Feria</span> <span class='ocrx_word' id='word_1_153' title='bbox 338 2858 444 2928; x_wconf 89' lang='lat' dir='ltr'>tercia</span> <span class='ocrx_word' id='word_1_154' title='bbox 482 2859 634 2945; x_wconf 84' lang='lat' dir='ltr'>proxima</span> <span class='ocrx_word' id='word_1_155' title='bbox 668 2864 745 2946; x_wconf 88' lang='lat' dir='ltr'>post</span> <span class='ocrx_word' id='word_1_156' title='bbox 776 2857 899 2929; x_wconf 85' lang='lat' dir='ltr'>festum</span> <span class='ocrx_word' id='word_1_157' title='bbox 938 2858 1169 2946; x_wconf 86' lang='lat' dir='ltr'>apostolomm</span> <span class='ocrx_word' id='word_1_158' title='bbox 1197 2857 1289 2928; x_wconf 88' lang='lat' dir='ltr'>Petri</span> <span class='ocrx_word' id='word_1_159' title='bbox 1319 2867 1353 2929; x_wconf 90' lang='lat' dir='ltr'>et</span> <span class='ocrx_word' id='word_1_160' title='bbox 1382 2859 1481 2932; x_wconf 88' lang='lat' dir='ltr'>Pauli</span> 
     </span>
     <span class='ocr_line' id='line_1_23' title="bbox 753 2982 938 3053; baseline 0.005 -2"><span class='ocrx_word' id='word_1_161' title='bbox 753 2982 938 3053; x_wconf 87' lang='lat' dir='ltr'>beatorum.</span> 
     </span>
    </p>
   </div>
   <div class='ocr_carea' id='block_1_6' title="bbox 764 3149 920 3226">
    <p class='ocr_par' dir='ltr' id='par_1_12' title="bbox 764 3149 920 3226">
     <span class='ocr_line' id='line_1_24' title="bbox 764 3149 920 3226; baseline 0.019 -19"><span class='ocrx_word' id='word_1_162' title='bbox 764 3150 805 3226; x_wconf 89' lang='lat'>(1.</span> <span class='ocrx_word' id='word_1_163' title='bbox 821 3149 920 3226; x_wconf 65' lang='lat' dir='ltr'>siclis).</span> 
     </span>
    </p>
   </div>
   <div class='ocr_carea' id='block_1_7' title="bbox 214 3306 1479 4026">
    <p class='ocr_par' dir='ltr' id='par_1_13' title="bbox 215 3306 1476 3497">
     <span class='ocr_line' id='line_1_25' title="bbox 327 3306 1476 3389; baseline 0.003 -20"><span class='ocrx_word' id='word_1_164' title='bbox 327 3309 435 3371; x_wconf 89' lang='lat' dir='ltr'>Primo</span> <span class='ocrx_word' id='word_1_165' title='bbox 461 3306 680 3370; x_wconf 88' lang='lat' dir='ltr'>Lehcumuald</span> <span class='ocrx_word' id='word_1_166' title='bbox 705 3319 814 3368; x_wconf 91' lang='lat' dir='ltr'>contra</span> <span class='ocrx_word' id='word_1_167' title='bbox 837 3307 1009 3369; x_wconf 83' lang='lat' dir='ltr'>Nicolaum</span> <span class='ocrx_word' id='word_1_168' title='bbox 1032 3308 1138 3389; x_wconf 92' lang='lat' dir='ltr'>primo</span> <span class='ocrx_word' id='word_1_169' title='bbox 1162 3308 1275 3370; x_wconf 89' lang='lat' dir='ltr'>citatus</span> <span class='ocrx_word' id='word_1_170' title='bbox 1297 3327 1365 3371; x_wconf 92' lang='lat' dir='ltr'>non</span> <span class='ocrx_word' id='word_1_171' title='bbox 1386 3328 1476 3372; x_wconf 92' lang='lat' dir='ltr'>com·</span> 
     </span>
     <span class='ocr_line' id='line_1_26' title="bbox 215 3415 330 3497; baseline 0 -21"><span class='ocrx_word' id='word_1_172' title='bbox 215 3415 330 3497; x_wconf 91' lang='lat' dir='ltr'>paruit.</span> 
     </span>
    </p>

    <p class='ocr_par' dir='ltr' id='par_1_14' title="bbox 214 3518 1477 3708">
     <span class='ocr_line' id='line_1_27' title="bbox 319 3518 1477 3601; baseline 0.003 -21"><span class='ocrx_word' id='word_1_173' title='bbox 319 3520 397 3583; x_wconf 91' lang='lat' dir='ltr'>ltem</span> <span class='ocrx_word' id='word_1_174' title='bbox 429 3538 522 3581; x_wconf 88' lang='lat' dir='ltr'>causa</span> <span class='ocrx_word' id='word_1_175' title='bbox 554 3519 668 3600; x_wconf 88' lang='lat' dir='ltr'>judicis</span> <span class='ocrx_word' id='word_1_176' title='bbox 699 3534 730 3581; x_wconf 90' lang='lat' dir='ltr'>et</span> <span class='ocrx_word' id='word_1_177' title='bbox 762 3518 912 3601; x_wconf 88' lang='lat' dir='ltr'>Gregorii</span> <span class='ocrx_word' id='word_1_178' title='bbox 943 3533 990 3581; x_wconf 91' lang='lat' dir='ltr'>est</span> <span class='ocrx_word' id='word_1_179' title='bbox 1020 3538 1076 3601; x_wconf 92' lang='lat' dir='ltr'>per</span> <span class='ocrx_word' id='word_1_180' title='bbox 1107 3519 1296 3600; x_wconf 82' lang='lat' dir='ltr'>magistrum</span> <span class='ocrx_word' id='word_1_181' title='bbox 1329 3519 1477 3584; x_wconf 90' lang='lat' dir='ltr'>Francba</span> 
     </span>
     <span class='ocr_line' id='line_1_28' title="bbox 214 3625 1270 3708; baseline 0.002 -21"><span class='ocrx_word' id='word_1_182' title='bbox 214 3625 410 3688; x_wconf 80' lang='lat' dir='ltr'>aurifabrum</span> <span class='ocrx_word' id='word_1_183' title='bbox 432 3639 463 3687; x_wconf 91' lang='lat' dir='ltr'>et</span> <span class='ocrx_word' id='word_1_184' title='bbox 486 3627 654 3687; x_wconf 88' lang='lat' dir='ltr'>Marenum</span> <span class='ocrx_word' id='word_1_185' title='bbox 678 3625 718 3686; x_wconf 94' lang='lat' dir='ltr'>ad</span> <span class='ocrx_word' id='word_1_186' title='bbox 742 3641 815 3687; x_wconf 90' lang='lat' dir='ltr'>octo</span> <span class='ocrx_word' id='word_1_187' title='bbox 841 3626 909 3687; x_wconf 90' lang='lat' dir='ltr'>dies</span> <span class='ocrx_word' id='word_1_188' title='bbox 934 3637 1059 3708; x_wconf 88' lang='lat' dir='ltr'>recepta</span> <span class='ocrx_word' id='word_1_189' title='bbox 1083 3625 1124 3686; x_wconf 88' lang='lat' dir='ltr'>ad</span> <span class='ocrx_word' id='word_1_190' title='bbox 1147 3645 1270 3708; x_wconf 87' lang='lat' dir='ltr'>pacem.</span> 
     </span>
    </p>

    <p class='ocr_par' dir='ltr' id='par_1_15' title="bbox 319 3730 1478 3814">
     <span class='ocr_line' id='line_1_29' title="bbox 319 3730 1478 3814; baseline 0.003 -21"><span class='ocrx_word' id='word_1_191' title='bbox 319 3732 397 3794; x_wconf 90' lang='lat' dir='ltr'>ltem</span> <span class='ocrx_word' id='word_1_192' title='bbox 414 3730 573 3794; x_wconf 88' lang='lat' dir='ltr'>lwanicha</span> <span class='ocrx_word' id='word_1_193' title='bbox 597 3745 707 3794; x_wconf 91' lang='lat' dir='ltr'>contra</span> <span class='ocrx_word' id='word_1_194' title='bbox 732 3732 873 3795; x_wconf 90' lang='lat' dir='ltr'>Brumeu</span> <span class='ocrx_word' id='word_1_195' title='bbox 897 3731 1039 3793; x_wconf 90' lang='lat' dir='ltr'>secundo</span> <span class='ocrx_word' id='word_1_196' title='bbox 1063 3732 1157 3794; x_wconf 90' lang='lat' dir='ltr'>citata</span> <span class='ocrx_word' id='word_1_197' title='bbox 1186 3752 1252 3794; x_wconf 91' lang='lat' dir='ltr'>nou</span> <span class='ocrx_word' id='word_1_198' title='bbox 1284 3734 1478 3814; x_wconf 89' lang='lat' dir='ltr'>comparuit.</span> 
     </span>
    </p>

    <p class='ocr_par' dir='ltr' id='par_1_16' title="bbox 214 3836 1479 4026">
     <span class='ocr_line' id='line_1_30' title="bbox 319 3836 1479 3919; baseline 0.003 -21"><span class='ocrx_word' id='word_1_199' title='bbox 319 3837 397 3898; x_wconf 89' lang='lat' dir='ltr'>ltem</span> <span class='ocrx_word' id='word_1_200' title='bbox 422 3857 516 3899; x_wconf 88' lang='lat' dir='ltr'>causa</span> <span class='ocrx_word' id='word_1_201' title='bbox 539 3838 665 3899; x_wconf 88' lang='lat' dir='ltr'>Nicolai</span> <span class='ocrx_word' id='word_1_202' title='bbox 684 3851 714 3900; x_wconf 92' lang='lat' dir='ltr'>et</span> <span class='ocrx_word' id='word_1_203' title='bbox 731 3838 821 3899; x_wconf 88' lang='lat' dir='ltr'>Pauli</span> <span class='ocrx_word' id='word_1_204' title='bbox 846 3837 997 3900; x_wconf 86' lang='lat' dir='ltr'>aurifabri</span> <span class='ocrx_word' id='word_1_205' title='bbox 1016 3850 1062 3899; x_wconf 90' lang='lat' dir='ltr'>est</span> <span class='ocrx_word' id='word_1_206' title='bbox 1078 3856 1134 3919; x_wconf 90' lang='lat' dir='ltr'>per</span> <span class='ocrx_word' id='word_1_207' title='bbox 1151 3836 1345 3919; x_wconf 83' lang='lat' dir='ltr'>Gregorium</span> <span class='ocrx_word' id='word_1_208' title='bbox 1363 3858 1479 3902; x_wconf 81' lang='lat' dir='ltr'>voscar</span> 
     </span>
     <span class='ocr_line' id='line_1_31' title="bbox 214 3942 1089 4026; baseline 0 -20"><span class='ocrx_word' id='word_1_209' title='bbox 214 3957 245 4006; x_wconf 93' lang='lat' dir='ltr'>et</span> <span class='ocrx_word' id='word_1_210' title='bbox 269 3942 472 4006; x_wconf 89' lang='lat' dir='ltr'>Clementem</span> <span class='ocrx_word' id='word_1_211' title='bbox 497 3943 537 4005; x_wconf 94' lang='lat' dir='ltr'>ad</span> <span class='ocrx_word' id='word_1_212' title='bbox 561 3957 634 4006; x_wconf 94' lang='lat' dir='ltr'>octo</span> <span class='ocrx_word' id='word_1_213' title='bbox 660 3944 727 4005; x_wconf 89' lang='lat' dir='ltr'>dies</span> <span class='ocrx_word' id='word_1_214' title='bbox 751 3958 877 4026; x_wconf 90' lang='lat' dir='ltr'>recepta</span> <span class='ocrx_word' id='word_1_215' title='bbox 901 3944 940 4005; x_wconf 92' lang='lat' dir='ltr'>ad</span> <span class='ocrx_word' id='word_1_216' title='bbox 966 3963 1089 4025; x_wconf 88' lang='lat' dir='ltr'>pacem.</span> 
     </span>
    </p>
   </div>
   <div class='ocr_carea' id='block_1_8' title="bbox 213 4066 1479 4894">
    <p class='ocr_par' dir='ltr' id='par_1_17' title="bbox 213 4066 1479 4254">
     <span class='ocr_line' id='line_1_32' title="bbox 318 4066 1479 4149; baseline 0.004 -21"><span class='ocrx_word' id='word_1_217' title='bbox 318 4066 397 4129; x_wconf 91' lang='lat' dir='ltr'>ltem</span> <span class='ocrx_word' id='word_1_218' title='bbox 422 4088 538 4149; x_wconf 90' lang='lat' dir='ltr'>parvus</span> <span class='ocrx_word' id='word_1_219' title='bbox 556 4067 722 4131; x_wconf 91' lang='lat' dir='ltr'>Chernech</span> <span class='ocrx_word' id='word_1_220' title='bbox 740 4069 869 4131; x_wconf 88' lang='lat' dir='ltr'>Petrum</span> <span class='ocrx_word' id='word_1_221' title='bbox 886 4068 926 4131; x_wconf 95' lang='lat' dir='ltr'>de</span> <span class='ocrx_word' id='word_1_222' title='bbox 944 4067 1103 4130; x_wconf 86' lang='lat' dir='ltr'>Craleuch</span> <span class='ocrx_word' id='word_1_223' title='bbox 1119 4067 1198 4130; x_wconf 91' lang='lat' dir='ltr'>feria</span> <span class='ocrx_word' id='word_1_224' title='bbox 1214 4083 1299 4131; x_wconf 87' lang='lat' dir='ltr'>sexta</span> <span class='ocrx_word' id='word_1_225' title='bbox 1318 4069 1350 4130; x_wconf 92' lang='lat' dir='ltr'>in</span> <span class='ocrx_word' id='word_1_226' title='bbox 1369 4084 1479 4133; x_wconf 91' lang='lat' dir='ltr'>nostra</span> 
     </span>
     <span class='ocr_line' id='line_1_33' title="bbox 213 4172 1174 4254; baseline 0.002 -20"><span class='ocrx_word' id='word_1_227' title='bbox 213 4172 287 4234; x_wconf 90' lang='lat' dir='ltr'>sede</span> <span class='ocrx_word' id='word_1_228' title='bbox 311 4172 476 4254; x_wconf 84' lang='lat' dir='ltr'>judiciaria</span> <span class='ocrx_word' id='word_1_229' title='bbox 500 4189 637 4237; x_wconf 88' lang='lat' dir='ltr'>statuere</span> <span class='ocrx_word' id='word_1_230' title='bbox 663 4175 759 4237; x_wconf 89' lang='lat' dir='ltr'>debet</span> <span class='ocrx_word' id='word_1_231' title='bbox 787 4189 897 4238; x_wconf 92' lang='lat' dir='ltr'>contra</span> <span class='ocrx_word' id='word_1_232' title='bbox 921 4174 1174 4236; x_wconf 88' lang='lat' dir='ltr'>Paradichalma.</span> 
     </span>
    </p>

    <p class='ocr_par' dir='ltr' id='par_1_18' title="bbox 213 4278 1479 4466">
     <span class='ocr_line' id='line_1_34' title="bbox 318 4278 1479 4363; baseline 0.005 -23"><span class='ocrx_word' id='word_1_233' title='bbox 318 4278 396 4341; x_wconf 90' lang='lat' dir='ltr'>ltem</span> <span class='ocrx_word' id='word_1_234' title='bbox 433 4280 600 4342; x_wconf 88' lang='lat' dir='ltr'>Martinus.</span> <span class='ocrx_word' id='word_1_235' title='bbox 619 4281 726 4363; x_wconf 88' lang='lat' dir='ltr'>ergavi</span> <span class='ocrx_word' id='word_1_236' title='bbox 765 4295 873 4343; x_wconf 89' lang='lat' dir='ltr'>contra</span> <span class='ocrx_word' id='word_1_237' title='bbox 906 4281 1086 4343; x_wconf 77' lang='lat' dir='ltr'>iohannem</span> <span class='ocrx_word' id='word_1_238' title='bbox 1126 4281 1232 4363; x_wconf 92' lang='lat' dir='ltr'>primo</span> <span class='ocrx_word' id='word_1_239' title='bbox 1263 4281 1378 4344; x_wconf 89' lang='lat' dir='ltr'>citatus</span> <span class='ocrx_word' id='word_1_240' title='bbox 1411 4303 1479 4346; x_wconf 92' lang='lat' dir='ltr'>uon</span> 
     </span>
     <span class='ocr_line' id='line_1_35' title="bbox 213 4385 401 4466; baseline 0.021 -22"><span class='ocrx_word' id='word_1_241' title='bbox 213 4385 401 4466; x_wconf 89' lang='lat' dir='ltr'>comparuit.</span> 
     </span>
    </p>

    <p class='ocr_par' dir='ltr' id='par_1_19' title="bbox 213 4490 1476 4679">
     <span class='ocr_line' id='line_1_36' title="bbox 320 4490 1476 4577; baseline 0.005 -25"><span class='ocrx_word' id='word_1_242' title='bbox 320 4490 397 4553; x_wconf 90' lang='lat' dir='ltr'>ltem</span> <span class='ocrx_word' id='word_1_243' title='bbox 422 4491 590 4575; x_wconf 87' lang='lat' dir='ltr'>Philippus</span> <span class='ocrx_word' id='word_1_244' title='bbox 612 4491 697 4555; x_wconf 91' lang='lat' dir='ltr'>filius</span> <span class='ocrx_word' id='word_1_245' title='bbox 713 4493 817 4555; x_wconf 88' lang='lat' dir='ltr'>Mauri</span> <span class='ocrx_word' id='word_1_246' title='bbox 833 4506 943 4556; x_wconf 91' lang='lat' dir='ltr'>contra</span> <span class='ocrx_word' id='word_1_247' title='bbox 967 4494 1116 4577; x_wconf 87' lang='lat' dir='ltr'>Ztoyuuk</span> <span class='ocrx_word' id='word_1_248' title='bbox 1139 4494 1245 4576; x_wconf 92' lang='lat' dir='ltr'>primo</span> <span class='ocrx_word' id='word_1_249' title='bbox 1269 4494 1385 4557; x_wconf 89' lang='lat' dir='ltr'>citatus</span> <span class='ocrx_word' id='word_1_250' title='bbox 1409 4515 1476 4558; x_wconf 93' lang='lat' dir='ltr'>non</span> 
     </span>
     <span class='ocr_line' id='line_1_37' title="bbox 213 4597 403 4679; baseline 0.011 -22"><span class='ocrx_word' id='word_1_251' title='bbox 213 4597 403 4679; x_wconf 88' lang='lat' dir='ltr'>comparuit.</span> 
     </span>
    </p>

    <p class='ocr_par' dir='ltr' id='par_1_20' title="bbox 213 4703 1477 4894">
     <span class='ocr_line' id='line_1_38' title="bbox 320 4703 1477 4790; baseline 0.005 -26"><span class='ocrx_word' id='word_1_252' title='bbox 320 4703 396 4765; x_wconf 89' lang='lat' dir='ltr'>ltem</span> <span class='ocrx_word' id='word_1_253' title='bbox 421 4704 541 4766; x_wconf 90' lang='lat' dir='ltr'>Mathia</span> <span class='ocrx_word' id='word_1_254' title='bbox 557 4704 718 4768; x_wconf 89' lang='lat' dir='ltr'>aurifaber</span> <span class='ocrx_word' id='word_1_255' title='bbox 734 4717 844 4767; x_wconf 91' lang='lat' dir='ltr'>contra</span> <span class='ocrx_word' id='word_1_256' title='bbox 860 4706 1030 4769; x_wconf 92' lang='lat' dir='ltr'>Nicolaum</span> <span class='ocrx_word' id='word_1_257' title='bbox 1055 4707 1193 4769; x_wconf 91' lang='lat' dir='ltr'>condam</span> <span class='ocrx_word' id='word_1_258' title='bbox 1209 4706 1349 4790; x_wconf 91' lang='lat' dir='ltr'>judicem</span> <span class='ocrx_word' id='word_1_259' title='bbox 1368 4707 1477 4789; x_wconf 92' lang='lat' dir='ltr'>primo</span> 
     </span>
     <span class='ocr_line' id='line_1_39' title="bbox 213 4809 630 4894; baseline 0.007 -23"><span class='ocrx_word' id='word_1_260' title='bbox 213 4809 327 4872; x_wconf 87' lang='lat' dir='ltr'>citatus</span> <span class='ocrx_word' id='word_1_261' title='bbox 349 4829 414 4872; x_wconf 91' lang='lat' dir='ltr'>non</span> <span class='ocrx_word' id='word_1_262' title='bbox 439 4811 630 4894; x_wconf 90' lang='lat' dir='ltr'>comparuit.</span> 
     </span>
    </p>
   </div>
   <div class='ocr_carea' id='block_1_9' title="bbox 0 0 1706 5362">
    <p class='ocr_par' dir='ltr' id='par_1_21' title="bbox 0 0 1706 5362">
     <span class='ocr_line' id='line_1_40' title="bbox 0 0 1706 5362; baseline 0 0"><span class='ocrx_word' id='word_1_263' title='bbox 0 0 1706 5362; x_wconf 95' lang='lat' dir='ltr'> </span> 
     </span>
    </p>
   </div>
  </div>
 </body>
</html>
