3404 5362
622 109 823 189 Ann01382.
849 146 888 155 -
915 110 966 172 18.
990 114 1102 187 aprilis.
1439 111 1497 193 167

333 327 411 388 Item
436 327 501 387 Res
524 338 634 386 contra
658 324 829 385 Nicolaum
861 339 976 385 octavo
1001 325 1052 385 die
1078 322 1272 404 respondere
1297 322 1404 387 debet.

333 434 412 495 ltem
441 453 536 494 causa
569 431 693 492 domini
727 431 813 492 Luca
851 431 990 493 condam
1022 430 1138 511 judicis
1169 442 1280 491 contra
1313 429 1497 492 Emericum

227 559 416 621 arcuparum
443 539 484 599 ad
510 552 661 599 octavum
686 537 772 597 diem
803 556 860 618 per
893 537 1012 615 juratos
1035 536 1077 597 ad
1108 556 1220 617 pacem
1246 549 1292 596 est
1314 549 1497 617 prorogata.

332 646 409 707 Item
446 664 530 725 pena
563 643 798 724 quinquaginta
830 661 1010 705 marcarum
1042 642 1124 704 inter
1159 642 1291 703 eosdem
1325 640 1497 704 dominum

230 753 351 814 Lucam
377 766 407 812 et
432 751 616 811 Emericum
641 763 687 810 est
711 748 825 830 posita,
843 763 878 809 ut
900 768 984 810 unus
1001 748 1137 811 alterum
1154 767 1212 809 nec
1230 766 1302 808 cum
1328 745 1418 808 iactis
1434 765 1493 808 nec

230 877 303 919 cum
328 857 434 918 verbis
458 856 598 917 invadat.

335 963 413 1023 ltem
433 961 611 1042 Gregorius
634 962 752 1043 Angeli
776 981 832 1044 per
862 960 1016 1021 Mathiam
1034 959 1295 1042 Orosnykouich‚
1319 959 1405 1019 lwan
1419 958 1499 1020 Hle-

184 1071 186 1075 ’
228 1068 336 1149 bopek
360 1067 421 1129 hoc
436 1067 584 1129 atestabit
602 1082 716 1128 octavo
734 1066 786 1128 die
804 1066 893 1147 quod
910 1066 1015 1147 ipsum
1034 1066 1143 1126 Hanse
1162 1063 1262 1126 Scoof
1277 1065 1499 1146 vituperasset.

333 1174 412 1236 Item
437 1173 575 1234 lacobus
610 1173 737 1235 institor
767 1191 869 1253 usque
901 1172 1081 1253 quindenas
1112 1171 1258 1253 quinque
1291 1190 1412 1232 marcas
1437 1189 1497 1252 pro

222 1280 426 1341 mactacione
450 1279 543 1360 digiti
568 1279 652 1340 Petri
678 1277 790 1340 famuli
816 1277 975 1359 Delasych
999 1278 1123 1339 solvere
1148 1278 1254 1338 debet.

337 1385 415 1447 ltem
432 1385 586 1446 Nicolaus
610 1383 750 1446 carnifex
767 1384 910 1445 secundo
933 1404 967 1445 se
985 1398 1099 1445 octavo
1118 1383 1170 1444 die
1186 1403 1281 1465 super
1306 1402 1345 1444 eo
1369 1382 1497 1464 jurabit,

224 1492 319 1574 quod
344 1493 450 1572 ipsum
476 1490 653 1571 Gregorius
678 1489 773 1552 frater
796 1489 946 1552 Damiani
971 1490 1178 1552 vulnerasset.

337 1597 414 1658 ltem
439 1617 534 1658 causa
559 1597 685 1658 Nicolai
704 1595 891 1678 Odolasych
911 1608 1019 1657 contra
1040 1594 1233 1678 Gregorium
1258 1594 1440 1678 Woschyar
1456 1594 1497 1656 ad

221 1717 379 1765 octavum
405 1702 492 1764 diem
518 1716 564 1763 est
587 1717 768 1783 prorogata.

336 1808 414 1869 ltem
447 1808 625 1889 Gregorius
657 1808 778 1888 juratus
808 1822 923 1870 octavo
956 1807 1008 1869 die
1045 1808 1132 1869 solus
1167 1806 1285 1888 jurabit
1320 1826 1416 1888 super
1446 1826 1497 1884 eo,

221 1927 388 1997 quantum
412 1934 495 1975 unus
519 1915 588 1990 bos,
613 1933 710 1994 quem
735 1913 865 1996 Mathey
888 1912 1045 1996 Zwysych
1069 1913 1270 1996 perdidisset,
1294 1913 1409 1976 valeat.

335 2020 415 2081 Item
439 2020 602 2082 Johannes
626 2020 722 2082 Liber
739 2020 875 2082 Nicolao
896 2019 1034 2081 condam
1059 2019 1157 2100 judici
1175 2019 1286 2081 decern
1311 2019 1430 2080 talenta
1456 2020 1496 2081 de

216 2126 301 2189 oleo
329 2146 430 2206 usque
455 2125 636 2207 quindenas
659 2126 784 2187 solvere
809 2125 914 2188 debet.

337 2232 415 2293 ltem
440 2232 594 2293 Nicolaus
625 2232 763 2292 condam
796 2230 891 2310 judex
923 2246 1037 2294 octavo
1070 2233 1122 2293 die
1146 2232 1234 2293 solus
1257 2250 1352 2313 super
1376 2250 1415 2293 eo
1448 2230 1497 2311 ju·

217 2339 321 2416 rabit,
346 2337 434 2419 quod
452 2338 518 2420 ipse
543 2338 681 2399 Johanni
708 2337 804 2399 Liber
827 2338 1169 2400 secundumdecimum
1194 2338 1349 2400 eubulum
1373 2339 1413 2400 de
1441 2339 1497 2400 tri·

208 2445 288 2506 tico
313 2463 380 2505 non
404 2444 502 2525 gratis
525 2445 582 2505 sed
607 2457 719 2506 mutuo
744 2443 879 2505 dederit.

682 2682 864 2752 Sabbatum
893 2702 1045 2771 sequeus.

760 2832 824 2913 (15.
847 2834 973 2916 martit).

331 2974 411 3034 Item
435 2993 528 3035 causa
552 2974 678 3035 Nicolai
712 2974 869 3056 Delasych
901 2989 1011 3036 contra
1046 2973 1240 3057 Gregorium
1266 2975 1430 3058 Voschyar
1464 2989 1495 3038 et

210 3076 342 3142 Paulas
367 3080 644 3160 quemadmodum
669 3100 725 3162 per
748 3080 868 3160 juratos
892 3095 939 3143 est
959 3081 1110 3161 judicata,
1135 3081 1177 3143 ita
1202 3101 1258 3163 per
1283 3081 1421 3143 condam
1448 3081 1495 3161 ju·

211 3184 313 3247 <lices
337 3183 524 3246 confirmata
549 3203 600 3262 eo,
624 3185 712 3265 quod
730 3187 769 3246 ab
792 3185 855 3246 illis
878 3186 933 3266 qui
958 3186 1042 3247 inter
1057 3205 1112 3246 eos
1128 3186 1292 3247 racionem
1314 3186 1496 3269 posuissent

212 3290 456 3366 sciscitassen13
480 3306 511 3351 et
535 3290 602 3371 ipsa
625 3290 802 3369 juramenta
827 3305 941 3352 octavo
966 3290 1018 3354 die
1043 3311 1110 3352 esse
1135 3292 1262 3353 debent.

286 3524 385 3598 Feria
412 3536 511 3598 sexta
539 3530 694 3616 proxima
723 3537 801 3599 ante
830 3527 953 3600 festum
982 3531 1072 3600 beati
1102 3529 1234 3618 Georgii
1263 3531 1429 3601 martiris.

746 3676 813 3758 (18.
838 3680 969 3760 aprilis.)

334 3819 411 3881 ltem
430 3820 584 3881 Nicolaus
603 3819 839 3882 Chernechneti
857 3837 967 3882 contra
987 3837 1168 3883 consortem
1187 3821 1319 3904 Georgii
1345 3822 1491 3904 Sidouyn

210 3928 332 4007 primo
356 3927 470 3988 citatus
494 3946 558 3987 non
582 3927 773 4007 comparuit.

337 4032 415 4094 Item
442 4033 530 4114 quod
556 4032 631 4112 quia
650 4031 812 4093 lohannes
830 4033 927 4094 Liber
950 4046 981 4094 et
1004 4034 1083 4095 alter
1100 4034 1261 4095 Johannes
1278 4053 1394 4115 parvus
1409 4033 1494 4095 filius

215 4137 390 4202 Valentini
416 4139 514 4200 nostri
541 4138 689 4199 concives
705 4139 842 4220 quilibet
866 4159 980 4201 eorum
996 4154 1110 4221 quarto
1132 4160 1164 4201 se
1189 4153 1298 4203 contra
1323 4140 1493 4202 dominum

218 4243 364 4307 Paulum
390 4245 577 4326 episcopum
602 4243 735 4305 ecclesie
768 4245 984 4325 zagrabiensis
1007 4245 1092 4327 juxta
1126 4260 1268 4308 nostram
1293 4246 1493 4326 judiciariam

218 4351 490 4414 commissionem
516 4370 610 4432 super
635 4368 685 4429 eo,
710 4350 799 4431 quod
823 4351 986 4413 Johannes
1003 4352 1147 4415 literatus
1171 4353 1311 4434 claviger
1335 4353 1411 4415 dicti
1436 4354 1493 4415 do-

217 4458 304 4519 mini
331 4457 473 4538 episcopi
498 4457 603 4519 nullas
627 4476 677 4517 res
700 4476 773 4517 suas
797 4457 848 4518 vel
874 4459 959 4519 bona
983 4478 1019 4520 ac
1050 4459 1150 4521 aciam
1176 4459 1250 4522 dicti
1277 4459 1401 4520 domini
1425 4459 1492 4541 epi·

219 4546 314 4645 scopi
338 4563 415 4645 ipsis
438 4561 479 4624 ad
504 4562 760 4624 conservandum
785 4562 985 4642 assignasset,
1010 4565 1210 4648 presentibus
1231 4565 1365 4626 domino
1390 4566 1493 4629 Bene·
