3404 5362
225 415 283 476 126
635 414 721 472 Anno
745 409 837 490 1378.
862 445 903 456 —
925 423 955 489 7.
979 413 1058 473 mari.

219 626 306 688 idem
331 625 485 709 Gyurgek
509 626 649 688 eundem
669 624 811 706 Filipum
834 637 865 686 et
887 644 945 686 sua
961 642 1042 686 uxor
1064 622 1275 686 reddiderunt
1299 626 1490 708 expeditum

219 747 250 795 et
274 752 330 816 per
354 733 463 794 omnia
487 732 682 794 absolutum.

329 840 406 902 ltem
425 838 543 900 Paulus
557 835 697 900 carnifex
711 849 819 897 contra
833 836 954 897 Lucam
965 835 1070 918 primo
1083 835 1197 897 citatus
1214 854 1280 896 non
1297 838 1492 920 comparuit.

324 946 401 1007 ltem
427 944 595 1026 Philippus
618 957 729 1004 contra
754 943 822 1004 Kus
843 955 959 1004 octavo
983 942 1035 1003 die
1060 942 1276 1024 respondebit.

324 1053 404 1114 Item
429 1050 575 1133 Mychael
600 1062 710 1112 contra
733 1048 897 1110 Andream
922 1062 1036 1110 octavo
1060 1048 1112 1110 die
1135 1048 1357 1130 respondebit.

324 1159 403 1220 ltem
428 1158 609 1239 Stephanus
633 1169 748 1218 octavo
766 1155 817 1216 die
839 1174 871 1216 se
896 1155 1013 1217 tercius
1029 1153 1147 1235 jurabit
1170 1168 1281 1217 contra
1308 1154 1491 1237 Georgium

218 1264 358 1346 juratum
382 1265 416 1326 in
441 1283 491 1342 e0,
515 1263 605 1345 quod
630 1263 697 1345 ipse
721 1280 814 1323 suum
840 1263 957 1323 bovem
981 1260 1161 1322 voluntarie
1186 1279 1252 1322 non
1277 1259 1492 1324 interfecisset

219 1385 250 1433 et
272 1385 409 1434 statuere
435 1370 489 1451 qui
515 1367 645 1431 fuerunt
669 1369 700 1429 in
725 1367 949 1429 aldomasione
971 1367 1109 1448 qualiter
1132 1381 1262 1448 pactum
1287 1365 1445 1431 fecerunt.

323 1477 402 1539 ltem
427 1477 491 1537 Res
514 1488 624 1537 contra
650 1474 815 1537 Geninum
838 1473 938 1535 tercio
962 1473 1075 1534 citatus
1097 1491 1164 1534 non
1188 1474 1379 1555 comparuit.

326 1583 404 1644 Item
429 1581 590 1663 Georgius
614 1580 832 1663 carpentarius
855 1594 969 1642 octavo
987 1579 1039 1640 die
1062 1599 1096 1641 se
1112 1592 1219 1640 sextus
1243 1579 1361 1661 jurabit
1385 1581 1419 1642 in
1438 1601 1490 1661 eo,

219 1689 308 1770 quod
334 1689 400 1771 ipse
425 1687 538 1749 falsam
562 1687 703 1748 mediam
726 1686 835 1748 eubuli
861 1705 927 1747 non
944 1685 1146 1761 asseruisset;
1163 1685 1232 1767 ipse
1250 1699 1359 1748 autem
1385 1685 1490 1749 Geor-

218 1795 291 1876 gius
316 1795 418 1875 ipsam
442 1813 571 1855 causam
595 1793 636 1854 ad
660 1792 810 1873 antiquos
834 1791 955 1873 judices
983 1791 1168 1874 appellavit,
1192 1792 1268 1873 quia
1292 1791 1389 1873 judex
1413 1813 1489 1856 cum

220 1920 286 1963 uno
310 1914 389 1964 teste
414 1901 570 1978 atestavit,
594 1898 755 1960 secundus
777 1912 885 1959 autem
912 1898 1011 1960 nichil
1034 1899 1113 1960 scire
1136 1916 1169 1959 se
1194 1898 1357 1980 allegavit.

325 2008 404 2069 Item
429 2007 583 2068 Nicolaus
606 2004 692 2067 filius
715 2004 842 2067 Nicolai
870 2004 996 2086 justicie
1028 2005 1144 2087 paruit,
1168 2009 1263 2067 Anna
1287 2019 1395 2067 autem
1420 2026 1488 2068 non

219 2115 307 2176 venit
331 2133 435 2193 neque
460 2113 546 2174 misit
569 2112 699 2174 racione
723 2111 890 2173 cuiusdam
915 2111 1080 2173 bitulonis.

326 2219 404 2280 ltem
437 2219 594 2281 Martinus
625 2216 797 2298 Zequirich
829 2230 938 2278 contra
969 2216 1170 2300 Mychaelem
1203 2218 1306 2281 Reniz
1340 2220 1489 2282 secundo

217 2325 332 2386 citatus
355 2345 420 2386 non
449 2324 637 2406 comparuit.

322 2431 398 2492 ltem
424 2452 516 2493 causa
535 2430 654 2493 Genini
671 2443 703 2492 et
726 2430 791 2493 Res
814 2442 861 2490 est
877 2449 934 2513 per
951 2431 1119 2492 Marenum
1144 2445 1175 2493 et
1190 2431 1338 2493 vFrancha
1361 2431 1488 2512 judices

216 2537 257 2597 ad
281 2551 353 2599 octo
378 2537 446 2598 dies
470 2551 594 2618 recepta
619 2536 658 2598 ad
683 2556 808 2618 pacem.

323 2643 401 2703 ltem
426 2641 599 2704 Sunhanch
623 2643 771 2704 atestavit
792 2642 940 2725 deposito
962 2642 1154 2724 juramento,
1179 2641 1353 2725 quodsibi
1379 2644 1488 2705 Rena-

216 2748 283 2809 rius
306 2748 446 2809 dedisset
469 2748 587 2808 XXXll
612 2767 740 2828 grossos
761 2768 819 2830 pro
852 2763 978 2828 mutuo,
1002 2768 1060 2831 pro
1085 2749 1204 2831 quibus
1227 2749 1289 2811 sibi
1314 2749 1405 2813 dedit
1429 2751 1488 2813 flo-

217 2873 332 2915 renum
356 2855 389 2915 in
413 2874 491 2916 auro
516 2853 556 2916 ad
582 2874 720 2916 usuram.

296 3071 393 3146 Feria
421 3083 518 3146 sexta
545 3076 700 3163 proxima
727 3082 804 3163 post
843 3074 965 3146 festum
994 3076 1104 3147 sancti
1132 3075 1299 3165 Johaunis
1327 3085 1408 3148 ante

692 3209 827 3287 portam
856 3198 1007 3269 latinam.

764 3354 806 3428 (7.
837 3349 934 3423 ›nao-

320 3492 429 3553 Primo
461 3511 555 3553 causa
588 3490 720 3573 Georgii
745 3491 898 3574 frenipari
934 3505 965 3553 et
989 3490 1109 3553 Vrbani
1142 3504 1188 3552 est
1220 3510 1276 3573 per
1309 3491 1488 3555 Bedicham

214 3597 395 3661 carnificem
420 3597 460 3659 ad
485 3612 558 3659 octo
583 3598 651 3659 dies
675 3612 801 3680 recepta
826 3598 865 3659 ad
891 3617 1013 3680 pacem.

321 3704 399 3764 ltem
425 3703 547 3786 Symon
571 3702 711 3765 carnifex
735 3703 813 3765 feria
834 3704 930 3765 tercia
955 3717 1064 3765 contra
1083 3703 1262 3784 Georgium
1285 3722 1383 3765 suum
1401 3723 1487 3766 mer·

214 3809 379 3872 cenarium
401 3809 549 3872 atestabit
566 3829 623 3892 per
647 3810 810 3871 Prizoram
828 3809 1008 3888 mulierem,
1030 3810 1159 3871 Petrum
1177 3821 1208 3871 et
1224 3808 1369 3871 Blasium
1387 3829 1487 3893 super

214 3936 272 3995 e0‚
305 3916 393 3997 quod
429 3916 516 3976 idem
546 3914 706 3996 Georgius
741 3935 816 3977 suus
850 3916 1066 3978 mercenarius
1104 3916 1144 3977 sit
1182 3928 1214 3977 et
1252 3915 1365 3977 existat
1408 3935 1488 3978 con-

214 4020 394 4083 dicionalis.

320 4128 396 4188 ltem
416 4146 510 4188 causa
528 4128 628 4205 luani,
653 4127 746 4188 lofan
772 4142 803 4190 et
821 4127 967 4210 Dyonisii
992 4128 1108 4189 sutoris
1125 4142 1172 4190 est
1194 4147 1252 4209 per
1277 4125 1486 4189 Anthonium

212 4246 354 4294 sutorem
379 4246 410 4294 et
434 4232 634 4315 Stephanum
659 4233 698 4293 ad
722 4247 796 4295 octo
821 4234 888 4294 dies
912 4247 1040 4315 recepta
1063 4232 1103 4295 ad
1128 4252 1252 4315 pacem.

322 4338 400 4400 ltem
425 4358 519 4400 causa
544 4339 640 4399 Blasii
663 4354 694 4400 et
726 4339 880 4422 Stephani
911 4353 958 4401 est
988 4359 1046 4421 per
1077 4340 1277 4422 Stephanum
1301 4352 1333 4401 et
1359 4338 1487 4422 Grego-

214 4443 297 4505 rium
322 4445 362 4506 ad
386 4459 459 4507 octo
485 4445 553 4505 dies
576 4458 701 4526 recepta
726 4446 766 4507 ad
790 4465 912 4527 pacem.

321 4551 398 4613 ltem
423 4570 517 4612 causa
543 4551 640 4612 luane
661 4552 805 4612 mulieris
827 4566 859 4614 et
877 4551 1030 4635 Stephani
1048 4551 1235 4632 joculatoris
1259 4564 1307 4614 eat
1330 4552 1487 4635 perBru-

213 4676 288 4718 men
312 4671 342 4719 et
366 4656 565 4739 Stephanum
590 4656 629 4717 ad
654 4670 727 4718 octo
752 4658 821 4720 dies
845 4672 971 4740 recepta
996 4659 1036 4720 ad
1060 4678 1185 4741 pacem.

317 4764 395 4825 ltem
420 4763 572 4826 dominus
596 4764 694 4825 abbas
726 4777 840 4825 octavo
874 4764 925 4825 die
958 4784 1053 4847 super
1084 4766 1227 4847 quadam
1251 4779 1336 4828 terra
1368 4766 1486 4852 arahili

211 4867 329 4950 jurani
354 4889 417 4951 qua
440 4870 589 4933 habuerit
612 4870 779 4953 producet.
