3404 5362
604 339 805 419 Ann01383.
833 376 870 385 -
897 357 946 403 10.
971 345 1085 417 aprilis.
1424 362 1480 425 ¹93

322 557 400 618 ltem
426 555 558 618 domina
583 555 693 617 relicta
718 555 818 635 Sorga
843 573 1000 635 supereo
1025 553 1142 635 jurabit
1166 567 1280 616 octavo
1305 554 1368 634 die,
1393 554 1479 636 quod

213 665 284 746 ipsa
310 663 432 725 nullam
458 661 629 744 pecuniam
654 660 711 722 filii
728 661 776 722 sui
797 659 944 721 habuerit
960 674 1131 742 postquam
1154 661 1294 723 Brumen
1319 661 1481 743 quandam

211 770 444 832 arestacionem
470 766 606 830 fecisset.

323 876 402 937 Item
427 875 538 936 Petrus
555 873 639 935 filius
657 871 789 954 Georgii
808 870 885 935 feria
902 886 988 934 sexta
1005 885 1077 954 post
1089 870 1206 934 festum
1231 873 1330 935 sancti
1349 872 1480 955 Georgii

212 997 329 1063 quarto
353 1002 386 1043 se
410 1000 505 1063 super
529 1000 568 1042 eo
589 979 717 1060 jurabit,
735 979 823 1060 quod
849 979 915 1062 ipse
933 979 1088 1060 quasdam
1114 979 1220 1041 literas
1244 980 1411 1041 Anthonio
1429 999 1480 1042 su·

213 1090 275 1149 tori
303 1107 369 1149 non
393 1088 515 1150 miserit
540 1107 597 1149 nec
629 1105 687 1168 per
718 1084 837 1148 factum
869 1105 964 1146 suum
997 1085 1063 1168 ipse
1089 1085 1272 1148 Anthonius
1304 1087 1482 1169 dampnum

213 1215 326 1277 passus
351 1193 454 1256 fuerit.

322 1301 399 1362 ltem
432 1320 526 1362 causa
560 1299 692 1360 domine
724 1298 879 1360 Eudriole
911 1312 1019 1360 contra
1054 1298 1222 1360 Marenum
1254 1299 1294 1360 ad
1330 1314 1482 1363 octavum

214 1407 301 1467 diem
327 1406 366 1467 ad
392 1426 502 1488 pacem
528 1421 574 1467 est
596 1421 733 1488 recepta.

321 1512 399 1574 Item
424 1513 571 1574 Thomas
603 1526 711 1574 contra
738 1512 896 1574 Briccium
928 1512 1113 1594 selliparum
1148 1532 1333 1597 comparere
1359 1515 1481 1577 debens

216 1618 246 1679 in
271 1618 394 1700 judicio
417 1639 483 1681 non
509 1619 698 1701 comparuit.

356 1856 452 1930 laria
480 1869 579 1930 sexta
607 1860 762 1948 proxima
789 1865 866 1947 pust
894 1856 1018 1928 festum
1043 1859 1133 1929 beati
1161 1855 1339 1932 Ambrosii.

744 2012 807 2087 (ro,
828 2010 953 2085 apriles).

319 2152 398 2214 ltem
434 2152 587 2214 Nicolaus
629 2165 738 2213 contra
775 2122 975 2233 Stephanum
1011 2151 1077 2211 Rez
1116 2151 1222 2232 primo
1258 2153 1371 2214 citatus
1414 2174 1479 2214 non

217 2259 406 2341 comparuit.

320 2364 398 2426 ltem
424 2364 600 2447 Gregorius
624 2364 708 2427 filius
733 2350 931 2426 Chudauech
949 2378 1057 2426 contra
1076 2365 1222 2428 Ceuetlro
1239 2367 1344 2448 primo
1368 2367 1480 2429 citatus

215 2492 280 2532 non
306 2473 493 2555 comparuit.

320 2577 397 2639 ltem
417 2578 585 2639 Pertoldus
602 2591 716 2642 octavo
734 2578 785 2638 die
802 2598 858 2660 pet
877 2579 1045 2640 lucasium
1064 2592 1095 2640 et
1111 2579 1274 2641 Thomam
1293 2580 1479 2663 selliparum

215 2684 274 2745 hoc
300 2685 456 2763 atestabit‚
475 2684 562 2765 quod
589 2685 653 2766 ipse
672 2704 735 2745 una
760 2704 833 2745 cum
850 2685 967 2765 Egidio
986 2701 1093 2747 sutore
1120 2683 1245 2747 fecisset
1261 2685 1478 2749 concordiam.

321 2790 400 2852 ltem
418 2791 571 2852 Nicolaus
595 2791 811 2871 carpentarius
828 2804 936 2852 contra
963 2791 1173 2854 Benedictum
1192 2791 1352 2854 Gallicum
1371 2793 1477 2874 primo

215 2898 328 2963 citatus
352 2917 417 2958 non
442 2897 631 2978 comparuit.

320 3003 398 3064 ltem
416 3003 569 3065 Herricus
585 3002 714 3086 pellifex
732 3017 841 3065 contra
859 3003 1038 3066 iohannem
1056 3017 1170 3065 octavo
1188 3003 1241 3065 die
1258 3004 1477 3085 respondebit.

319 3109 399 3171 ltem
424 3110 586 3171 Johannes
611 3110 729 3171 Donati
753 3123 785 3172 et
809 3111 934 3171 Marcus
951 3108 1035 3171 filius
1057 3110 1193 3193 Mykech
1219 3124 1328 3171 contra
1354 3111 1478 3172 Antho-

218 3217 305 3279 nium
331 3217 434 3279 Reniz
458 3230 572 3279 octavo
597 3217 648 3277 die
673 3217 925 3300 respondebunt.

321 3323 398 3385 ltem
424 3337 518 3385 testes
542 3323 695 3406 (causam)
720 3323 879 3385 lanchech
907 3322 1058 3385 aurifabri
1091 3337 1199 3385 contra
1226 3323 1333 3385 Endre
1358 3323 1398 3386 ad
1424 3343 1477 3385 oc·

217 3443 324 3491 tavum
349 3430 433 3491 diem
459 3431 498 3493 ad
523 3451 635 3513 pacem
659 3444 857 3512 receperunt.

321 3537 398 3598 ltem
424 3535 583 3618 Georgius
613 3538 710 3599 Loter
741 3550 772 3598 et
796 3536 948 3597 Herricus
971 3534 1101 3618 pellifex
1133 3550 1242 3598 contra
1275 3535 1477 3600 Anthonium

219 3644 348 3727 Jursych
373 3645 515 3706 secundo
538 3644 622 3705 citati
648 3663 713 3705 non
738 3657 996 3724 comparuerunt.

320 3750 397 3812 ltem
421 3763 516 3812 testes
539 3749 692 3832 (causam)
718 3750 889 3833 Dragonya
913 3750 1029 3811 sutoris
1060 3763 1169 3812 contra
1203 3751 1362 3813 Briccium
1392 3752 1477 3813 selli-

218 3876 326 3938 parum
359 3856 399 3918 ad
424 3871 573 3918 octavum
598 3857 685 3917 diem
710 3856 749 3917 ad
773 3875 886 3938 pacem
910 3870 1106 3939 receperunt.

322 3964 399 4025 ltem
424 3964 586 4025 lohannes
604 3963 749 4025 Smunda
766 3977 875 4025 contra
895 3963 1064 4024 Nicolaum
1082 3963 1185 4025 filium
1204 3963 1356 4045 Stephani
1374 3963 1477 4046 primo

218 4071 329 4133 citatus
352 4091 417 4132 non
442 4070 632 4153 comparuit.

322 4178 399 4239 ltem
425 4177 606 4260 Stephanus
630 4192 660 4237 et
685 4175 861 4258 Gregorius
877 4175 962 4238 filius
986 4176 1226 4260 Chudauchych
1251 4184 1359 4240 con'tra
1379 4178 1478 4240 llkam

217 4284 382 4346 mulierem
406 4285 548 4346 secundo
573 4284 658 4346 citati
683 4304 748 4346 non
773 4299 1030 4366 comparuerunt.

320 4391 398 4452 ltem
433 4391 513 4474 (per)
537 4405 632 4454 testes
655 4390 772 4473 (causa)
801 4391 918 4452 Mathie
938 4404 1046 4452 contra
1065 4390 1234 4452 Herricum
1259 4390 1299 4451 ad
1324 4404 1475 4452 octavum

217 4496 300 4558 diem
325 4497 364 4559 ad
388 4518 501 4580 pacem
525 4513 570 4561 est
595 4512 731 4580 recepta.

323 4604 401 4666 ltem
427 4606 553 4667 Marcus
570 4604 654 4666 filius
673 4603 794 4666 Gemez
811 4617 925 4666 octavo
950 4604 1001 4664 die
1019 4623 1075 4686 per
1093 4603 1303 4665 Benedictum
1320 4603 1475 4666 Bostandi

218 4723 247 4771 et
272 4710 481 4772 Benedictum
506 4711 627 4772 dictum
653 4710 753 4772 decan
770 4710 829 4772 hoc
855 4711 1011 4788 atestnbit‚
1028 4710 1116 4791 quod
1135 4711 1238 4792 ipsum
1257 4710 1371 4772 Valesa
1395 4710 1479 4772 vitu-

218 4831 363 4898 perasset.

1338 4926 1372 4988 ¹3
