<?xml version="1.0" encoding="UTF-8"?>
<!DOCTYPE html PUBLIC "-//W3C//DTD XHTML 1.0 Transitional//EN"
    "http://www.w3.org/TR/xhtml1/DTD/xhtml1-transitional.dtd">
<html xmlns="http://www.w3.org/1999/xhtml" xml:lang="en" lang="en">
 <head>
  <title>
</title>
<meta http-equiv="Content-Type" content="text/html;charset=utf-8" />
  <meta name='ocr-system' content='tesseract 3.04.00' />
  <meta name='ocr-capabilities' content='ocr_page ocr_carea ocr_par ocr_line ocrx_word'/>
</head>
<body>
  <div class='ocr_page' id='page_1' title='image "./monumentahistor04laszgoog/monumentahistor04laszgoog_0352.png"; bbox 0 0 3404 5362; ppageno 0'>
   <div class='ocr_carea' id='block_1_1' title="bbox 214 555 1488 1472">
    <p class='ocr_par' dir='ltr' id='par_1_1' title="bbox 218 555 1488 746">
     <span class='ocr_line' id='line_1_1' title="bbox 324 555 1488 640; baseline 0.002 -22"><span class='ocrx_word' id='word_1_1' title='bbox 324 556 404 618; x_wconf 83' lang='lat' dir='ltr'>Item</span> <span class='ocrx_word' id='word_1_2' title='bbox 428 555 547 640; x_wconf 89' lang='lat' dir='ltr'>(causa)</span> <span class='ocrx_word' id='word_1_3' title='bbox 572 555 671 639; x_wconf 86' lang='lat' dir='ltr'>Iglich</span> <span class='ocrx_word' id='word_1_4' title='bbox 688 569 798 618; x_wconf 90' lang='lat' dir='ltr'>contra</span> <span class='ocrx_word' id='word_1_5' title='bbox 824 557 1002 620; x_wconf 87' lang='lat' dir='ltr'>Fabianum</span> <span class='ocrx_word' id='word_1_6' title='bbox 1021 558 1182 620; x_wconf 89' lang='lat' dir='ltr'>literatum</span> <span class='ocrx_word' id='word_1_7' title='bbox 1207 578 1310 640; x_wconf 85' lang='lat' dir='ltr'>usque</span> <span class='ocrx_word' id='word_1_8' title='bbox 1327 574 1401 622; x_wconf 92' lang='lat' dir='ltr'>octo</span> <span class='ocrx_word' id='word_1_9' title='bbox 1419 561 1488 621; x_wconf 87' lang='lat' dir='ltr'>dies</span> 
     </span>
     <span class='ocr_line' id='line_1_2' title="bbox 218 676 474 746; baseline 0 -21"><span class='ocrx_word' id='word_1_10' title='bbox 218 676 263 725; x_wconf 89' lang='lat' dir='ltr'>est</span> <span class='ocrx_word' id='word_1_11' title='bbox 289 676 474 746; x_wconf 85' lang='lat' dir='ltr'>prorogata.</span> 
     </span>
    </p>

    <p class='ocr_par' dir='ltr' id='par_1_2' title="bbox 216 767 1485 1069">
     <span class='ocr_line' id='line_1_3' title="bbox 322 767 1485 855; baseline 0.005 -25"><span class='ocrx_word' id='word_1_12' title='bbox 322 770 403 833; x_wconf 89' lang='lat' dir='ltr'>Item</span> <span class='ocrx_word' id='word_1_13' title='bbox 427 789 484 852; x_wconf 87' lang='lat' dir='ltr'>per</span> <span class='ocrx_word' id='word_1_14' title='bbox 507 767 660 850; x_wconf 86' lang='lat' dir='ltr'>judicem,</span> <span class='ocrx_word' id='word_1_15' title='bbox 684 769 804 851; x_wconf 83' lang='lat' dir='ltr'>juratos</span> <span class='ocrx_word' id='word_1_16' title='bbox 828 784 858 833; x_wconf 90' lang='lat' dir='ltr'>et</span> <span class='ocrx_word' id='word_1_17' title='bbox 882 772 1049 835; x_wconf 88' lang='lat' dir='ltr'>universos</span> <span class='ocrx_word' id='word_1_18' title='bbox 1073 773 1159 834; x_wconf 85' lang='lat' dir='ltr'>cives</span> <span class='ocrx_word' id='word_1_19' title='bbox 1184 773 1216 834; x_wconf 92' lang='lat' dir='ltr'>in</span> <span class='ocrx_word' id='word_1_20' title='bbox 1241 774 1384 855; x_wconf 86' lang='lat' dir='ltr'>generali</span> <span class='ocrx_word' id='word_1_21' title='bbox 1409 793 1485 836; x_wconf 91' lang='lat' dir='ltr'>con-</span> 
     </span>
     <span class='ocr_line' id='line_1_4' title="bbox 216 875 1484 959; baseline 0.004 -22"><span class='ocrx_word' id='word_1_22' title='bbox 216 875 288 938; x_wconf 87' lang='lat' dir='ltr'>silio</span> <span class='ocrx_word' id='word_1_23' title='bbox 314 877 458 959; x_wconf 83' lang='lat' dir='ltr'>Ipsorum</span> <span class='ocrx_word' id='word_1_24' title='bbox 483 877 694 938; x_wconf 90' lang='lat' dir='ltr'>decreverunt</span> <span class='ocrx_word' id='word_1_25' title='bbox 718 892 748 940; x_wconf 90' lang='lat' dir='ltr'>et</span> <span class='ocrx_word' id='word_1_26' title='bbox 771 891 962 957; x_wconf 85' lang='lat' dir='ltr'>statuerunt,</span> <span class='ocrx_word' id='word_1_27' title='bbox 979 892 1014 941; x_wconf 94' lang='lat' dir='ltr'>ut</span> <span class='ocrx_word' id='word_1_28' title='bbox 1038 879 1201 942; x_wconf 86' lang='lat' dir='ltr'><strong>Fabianus</strong></span> <span class='ocrx_word' id='word_1_29' title='bbox 1230 880 1373 942; x_wconf 81' lang='lat' dir='ltr'>literatus</span> <span class='ocrx_word' id='word_1_30' title='bbox 1404 901 1484 942; x_wconf 90' lang='lat' dir='ltr'>nun-</span> 
     </span>
     <span class='ocr_line' id='line_1_5' title="bbox 217 983 1395 1069; baseline 0.004 -25"><span class='ocrx_word' id='word_1_31' title='bbox 217 1002 313 1064; x_wconf 87' lang='lat' dir='ltr'>quam</span> <span class='ocrx_word' id='word_1_32' title='bbox 340 983 422 1045; x_wconf 90' lang='lat' dir='ltr'>nulli</span> <span class='ocrx_word' id='word_1_33' title='bbox 446 983 615 1045; x_wconf 88' lang='lat' dir='ltr'>hominum</span> <span class='ocrx_word' id='word_1_34' title='bbox 641 983 691 1045; x_wconf 92' lang='lat' dir='ltr'>bic</span> <span class='ocrx_word' id='word_1_35' title='bbox 717 985 815 1045; x_wconf 83' lang='lat' dir='ltr'>nostri</span> <span class='ocrx_word' id='word_1_36' title='bbox 840 986 949 1046; x_wconf 89' lang='lat' dir='ltr'>medio</span> <span class='ocrx_word' id='word_1_37' title='bbox 978 986 1078 1068; x_wconf 86' lang='lat' dir='ltr'>possit</span> <span class='ocrx_word' id='word_1_38' title='bbox 1102 1006 1169 1049; x_wconf 86' lang='lat' dir='ltr'>esse</span> <span class='ocrx_word' id='word_1_39' title='bbox 1194 1000 1395 1069; x_wconf 90' lang='lat' dir='ltr'>procurator.</span> 
     </span>
    </p>

    <p class='ocr_par' dir='ltr' id='par_1_3' title="bbox 216 1090 1485 1262">
     <span class='ocr_line' id='line_1_6' title="bbox 322 1090 1485 1177; baseline 0.005 -26"><span class='ocrx_word' id='word_1_40' title='bbox 322 1090 400 1151; x_wconf 93' lang='lat' dir='ltr'>Item</span> <span class='ocrx_word' id='word_1_41' title='bbox 425 1091 494 1151; x_wconf 90' lang='lat' dir='ltr'>Kus</span> <span class='ocrx_word' id='word_1_42' title='bbox 516 1091 601 1151; x_wconf 90' lang='lat' dir='ltr'>ribar</span> <span class='ocrx_word' id='word_1_43' title='bbox 625 1105 739 1152; x_wconf 89' lang='lat' dir='ltr'>octavo</span> <span class='ocrx_word' id='word_1_44' title='bbox 764 1091 815 1152; x_wconf 89' lang='lat' dir='ltr'>die</span> <span class='ocrx_word' id='word_1_45' title='bbox 839 1092 938 1154; x_wconf 88' lang='lat' dir='ltr'>tercio</span> <span class='ocrx_word' id='word_1_46' title='bbox 964 1112 995 1152; x_wconf 91' lang='lat' dir='ltr'>se</span> <span class='ocrx_word' id='word_1_47' title='bbox 1020 1113 1115 1175; x_wconf 86' lang='lat' dir='ltr'>super</span> <span class='ocrx_word' id='word_1_48' title='bbox 1139 1113 1178 1156; x_wconf 90' lang='lat' dir='ltr'>eo</span> <span class='ocrx_word' id='word_1_49' title='bbox 1203 1093 1330 1173; x_wconf 80' lang='lat' dir='ltr'>jurabit,</span> <span class='ocrx_word' id='word_1_50' title='bbox 1355 1107 1390 1155; x_wconf 90' lang='lat' dir='ltr'>ut</span> <span class='ocrx_word' id='word_1_51' title='bbox 1417 1094 1485 1177; x_wconf 85' lang='lat' dir='ltr'>ipse</span> 
     </span>
     <span class='ocr_line' id='line_1_7' title="bbox 216 1196 1022 1262; baseline 0.004 -4"><span class='ocrx_word' id='word_1_52' title='bbox 216 1197 353 1258; x_wconf 85' lang='lat' dir='ltr'>Nicolao</span> <span class='ocrx_word' id='word_1_53' title='bbox 378 1196 505 1258; x_wconf 90' lang='lat' dir='ltr'>telatori</span> <span class='ocrx_word' id='word_1_54' title='bbox 531 1196 562 1257; x_wconf 91' lang='lat' dir='ltr'>in</span> <span class='ocrx_word' id='word_1_55' title='bbox 588 1197 685 1259; x_wconf 91' lang='lat' dir='ltr'>nullis</span> <span class='ocrx_word' id='word_1_56' title='bbox 710 1196 820 1259; x_wconf 87' lang='lat' dir='ltr'>fuisset</span> <span class='ocrx_word' id='word_1_57' title='bbox 845 1199 1022 1262; x_wconf 85' lang='lat' dir='ltr'>consocius.</span> 
     </span>
    </p>

    <p class='ocr_par' dir='ltr' id='par_1_4' title="bbox 214 1302 1483 1472">
     <span class='ocr_line' id='line_1_8' title="bbox 321 1302 1483 1385; baseline 0.004 -21"><span class='ocrx_word' id='word_1_58' title='bbox 321 1302 398 1364; x_wconf 91' lang='lat' dir='ltr'>Item</span> <span class='ocrx_word' id='word_1_59' title='bbox 433 1303 537 1383; x_wconf 83' lang='lat' dir='ltr'>Cigan</span> <span class='ocrx_word' id='word_1_60' title='bbox 562 1323 664 1385; x_wconf 90' lang='lat' dir='ltr'>usque</span> <span class='ocrx_word' id='word_1_61' title='bbox 682 1304 863 1385; x_wconf 88' lang='lat' dir='ltr'>quindenas</span> <span class='ocrx_word' id='word_1_62' title='bbox 887 1305 981 1367; x_wconf 89' lang='lat' dir='ltr'>Petro</span> <span class='ocrx_word' id='word_1_63' title='bbox 999 1306 1205 1368; x_wconf 87' lang='lat' dir='ltr'>medietatem</span> <span class='ocrx_word' id='word_1_64' title='bbox 1223 1306 1392 1367; x_wconf 84' lang='lat' dir='ltr'>cuiusdam</span> <span class='ocrx_word' id='word_1_65' title='bbox 1418 1307 1483 1369; x_wconf 90' lang='lat' dir='ltr'>vini</span> 
     </span>
     <span class='ocr_line' id='line_1_9' title="bbox 214 1410 468 1472; baseline 0 -1"><span class='ocrx_word' id='word_1_66' title='bbox 214 1410 339 1471; x_wconf 86' lang='lat' dir='ltr'>solvere</span> <span class='ocrx_word' id='word_1_67' title='bbox 363 1410 468 1472; x_wconf 88' lang='lat' dir='ltr'>debet.</span> 
     </span>
    </p>
   </div>
   <div class='ocr_carea' id='block_1_2' title="bbox 211 1626 1480 4889">
    <p class='ocr_par' dir='ltr' id='par_1_5' title="bbox 267 1626 1455 1863">
     <span class='ocr_line' id='line_1_10' title="bbox 267 1626 1455 1721; baseline 0.003 -20"><span class='ocrx_word' id='word_1_68' title='bbox 267 1626 364 1702; x_wconf 83' lang='lat' dir='ltr'>FerIa</span> <span class='ocrx_word' id='word_1_69' title='bbox 393 1638 492 1702; x_wconf 84' lang='lat' dir='ltr'>sexta</span> <span class='ocrx_word' id='word_1_70' title='bbox 521 1633 675 1720; x_wconf 86' lang='lat' dir='ltr'>proxima</span> <span class='ocrx_word' id='word_1_71' title='bbox 703 1640 781 1721; x_wconf 86' lang='lat' dir='ltr'>post</span> <span class='ocrx_word' id='word_1_72' title='bbox 808 1632 932 1705; x_wconf 83' lang='lat' dir='ltr'>festum</span> <span class='ocrx_word' id='word_1_73' title='bbox 960 1633 1134 1706; x_wconf 87' lang='lat' dir='ltr'>beatorum</span> <span class='ocrx_word' id='word_1_74' title='bbox 1165 1635 1257 1706; x_wconf 87' lang='lat' dir='ltr'>Petri</span> <span class='ocrx_word' id='word_1_75' title='bbox 1286 1641 1319 1705; x_wconf 89' lang='lat' dir='ltr'>et</span> <span class='ocrx_word' id='word_1_76' title='bbox 1348 1635 1455 1706; x_wconf 85' lang='lat' dir='ltr'>Pauli.</span> 
     </span>
     <span class='ocr_line' id='line_1_11' title="bbox 773 1786 930 1863; baseline 0.032 -20"><span class='ocrx_word' id='word_1_77' title='bbox 773 1786 814 1860; x_wconf 84' lang='lat'>(2.</span> <span class='ocrx_word' id='word_1_78' title='bbox 832 1787 930 1863; x_wconf 69' lang='lat' dir='ltr'>sulit).</span> 
     </span>
    </p>

    <p class='ocr_par' dir='ltr' id='par_1_6' title="bbox 322 1925 1480 2011">
     <span class='ocr_line' id='line_1_12' title="bbox 322 1925 1480 2011; baseline 0.006 -27"><span class='ocrx_word' id='word_1_79' title='bbox 322 1925 400 1987; x_wconf 87' lang='lat' dir='ltr'>Item</span> <span class='ocrx_word' id='word_1_80' title='bbox 426 1925 537 1986; x_wconf 87' lang='lat' dir='ltr'>Petrus</span> <span class='ocrx_word' id='word_1_81' title='bbox 569 1939 678 1987; x_wconf 91' lang='lat' dir='ltr'>contra</span> <span class='ocrx_word' id='word_1_82' title='bbox 712 1926 889 2008; x_wconf 88' lang='lat' dir='ltr'>Georgium</span> <span class='ocrx_word' id='word_1_83' title='bbox 922 1928 1027 2010; x_wconf 92' lang='lat' dir='ltr'>primo</span> <span class='ocrx_word' id='word_1_84' title='bbox 1055 1929 1168 1992; x_wconf 91' lang='lat' dir='ltr'>citatus</span> <span class='ocrx_word' id='word_1_85' title='bbox 1199 1948 1265 1991; x_wconf 91' lang='lat' dir='ltr'>non</span> <span class='ocrx_word' id='word_1_86' title='bbox 1289 1930 1480 2011; x_wconf 83' lang='lat' dir='ltr'>comparuit.</span> 
     </span>
    </p>

    <p class='ocr_par' dir='ltr' id='par_1_7' title="bbox 213 2031 1480 2220">
     <span class='ocr_line' id='line_1_13' title="bbox 319 2031 1480 2117; baseline 0.003 -25"><span class='ocrx_word' id='word_1_87' title='bbox 319 2031 398 2092; x_wconf 83' lang='lat' dir='ltr'>Item</span> <span class='ocrx_word' id='word_1_88' title='bbox 422 2031 576 2093; x_wconf 90' lang='lat' dir='ltr'>Nicolaus</span> <span class='ocrx_word' id='word_1_89' title='bbox 601 2032 690 2113; x_wconf 90' lang='lat' dir='ltr'>niger</span> <span class='ocrx_word' id='word_1_90' title='bbox 713 2047 824 2094; x_wconf 88' lang='lat' dir='ltr'>contra</span> <span class='ocrx_word' id='word_1_91' title='bbox 852 2033 1024 2096; x_wconf 78' lang='lat' dir='ltr'>Nicolaum</span> <span class='ocrx_word' id='word_1_92' title='bbox 1057 2033 1206 2116; x_wconf 91' lang='lat' dir='ltr'>(O)dolas</span> <span class='ocrx_word' id='word_1_93' title='bbox 1228 2035 1333 2117; x_wconf 95' lang='lat' dir='ltr'>primo</span> <span class='ocrx_word' id='word_1_94' title='bbox 1366 2035 1480 2097; x_wconf 87' lang='lat' dir='ltr'>citatus</span> 
     </span>
     <span class='ocr_line' id='line_1_14' title="bbox 213 2138 1307 2220; baseline 0.006 -22"><span class='ocrx_word' id='word_1_95' title='bbox 213 2156 278 2199; x_wconf 92' lang='lat' dir='ltr'>non</span> <span class='ocrx_word' id='word_1_96' title='bbox 303 2138 492 2220; x_wconf 88' lang='lat' dir='ltr'>comparuit.</span> <span class='ocrx_word' id='word_1_97' title='bbox 1303 2152 1307 2158; x_wconf 79' lang='grc'><em>“</em></span> 
     </span>
    </p>

    <p class='ocr_par' dir='ltr' id='par_1_8' title="bbox 212 2243 1479 2432">
     <span class='ocr_line' id='line_1_15' title="bbox 319 2243 1479 2329; baseline 0.004 -25"><span class='ocrx_word' id='word_1_98' title='bbox 319 2244 395 2306; x_wconf 92' lang='lat' dir='ltr'>Item</span> <span class='ocrx_word' id='word_1_99' title='bbox 415 2243 597 2305; x_wconf 83' lang='lat' dir='ltr'>Anthonius</span> <span class='ocrx_word' id='word_1_100' title='bbox 615 2244 738 2306; x_wconf 89' lang='lat' dir='ltr'>Jursich</span> <span class='ocrx_word' id='word_1_101' title='bbox 764 2261 874 2308; x_wconf 90' lang='lat' dir='ltr'>contra</span> <span class='ocrx_word' id='word_1_102' title='bbox 892 2248 1020 2309; x_wconf 88' lang='lat' dir='ltr'>Petrum</span> <span class='ocrx_word' id='word_1_103' title='bbox 1043 2247 1147 2329; x_wconf 93' lang='lat' dir='ltr'>primo</span> <span class='ocrx_word' id='word_1_104' title='bbox 1173 2247 1286 2310; x_wconf 90' lang='lat' dir='ltr'>citatus</span> <span class='ocrx_word' id='word_1_105' title='bbox 1303 2267 1367 2309; x_wconf 90' lang='lat' dir='ltr'>non</span> <span class='ocrx_word' id='word_1_106' title='bbox 1393 2266 1479 2309; x_wconf 91' lang='lat' dir='ltr'>com-</span> 
     </span>
     <span class='ocr_line' id='line_1_16' title="bbox 212 2350 328 2432; baseline -0.009 -21"><span class='ocrx_word' id='word_1_107' title='bbox 212 2350 328 2432; x_wconf 89' lang='lat' dir='ltr'>paruit.</span> 
     </span>
    </p>

    <p class='ocr_par' dir='ltr' id='par_1_9' title="bbox 212 2456 1474 2646">
     <span class='ocr_line' id='line_1_17' title="bbox 319 2456 1474 2539; baseline 0.003 -22"><span class='ocrx_word' id='word_1_108' title='bbox 319 2456 396 2519; x_wconf 90' lang='lat' dir='ltr'>Item</span> <span class='ocrx_word' id='word_1_109' title='bbox 422 2457 567 2519; x_wconf 87' lang='lat' dir='ltr'>Andreas</span> <span class='ocrx_word' id='word_1_110' title='bbox 592 2471 701 2519; x_wconf 90' lang='lat' dir='ltr'>contra</span> <span class='ocrx_word' id='word_1_111' title='bbox 719 2459 913 2539; x_wconf 82' lang='lat' dir='ltr'>Agustinum</span> <span class='ocrx_word' id='word_1_112' title='bbox 929 2459 1127 2522; x_wconf 90' lang='lat' dir='ltr'>sacerdotem</span> <span class='ocrx_word' id='word_1_113' title='bbox 1145 2459 1335 2522; x_wconf 80' lang='lat' dir='ltr'>secundarIo</span> <span class='ocrx_word' id='word_1_114' title='bbox 1359 2459 1474 2521; x_wconf 86' lang='lat' dir='ltr'>citatus</span> 
     </span>
     <span class='ocr_line' id='line_1_18' title="bbox 212 2565 492 2646; baseline 0.011 -22"><span class='ocrx_word' id='word_1_115' title='bbox 212 2583 276 2624; x_wconf 91' lang='lat' dir='ltr'>non</span> <span class='ocrx_word' id='word_1_116' title='bbox 303 2565 492 2646; x_wconf 85' lang='lat' dir='ltr'>comparuit.</span> 
     </span>
    </p>

    <p class='ocr_par' dir='ltr' id='par_1_10' title="bbox 212 2671 1477 2861">
     <span class='ocr_line' id='line_1_19' title="bbox 318 2671 1477 2756; baseline 0.001 -25"><span class='ocrx_word' id='word_1_117' title='bbox 318 2671 396 2732; x_wconf 87' lang='lat' dir='ltr'>Item</span> <span class='ocrx_word' id='word_1_118' title='bbox 426 2673 583 2735; x_wconf 89' lang='lat' dir='ltr'>Martinus</span> <span class='ocrx_word' id='word_1_119' title='bbox 608 2673 826 2756; x_wconf 88' lang='lat' dir='ltr'>carpentarius</span> <span class='ocrx_word' id='word_1_120' title='bbox 855 2686 964 2734; x_wconf 89' lang='lat' dir='ltr'>contra</span> <span class='ocrx_word' id='word_1_121' title='bbox 998 2673 1168 2734; x_wconf 85' lang='lat' dir='ltr'>Nicolaum</span> <span class='ocrx_word' id='word_1_122' title='bbox 1195 2691 1346 2754; x_wconf 87' lang='lat' dir='ltr'>magnum</span> <span class='ocrx_word' id='word_1_123' title='bbox 1372 2671 1477 2754; x_wconf 91' lang='lat' dir='ltr'>primo</span> 
     </span>
     <span class='ocr_line' id='line_1_20' title="bbox 212 2777 632 2861; baseline 0.007 -22"><span class='ocrx_word' id='word_1_124' title='bbox 212 2777 326 2839; x_wconf 90' lang='lat' dir='ltr'>citatus</span> <span class='ocrx_word' id='word_1_125' title='bbox 350 2797 415 2839; x_wconf 92' lang='lat' dir='ltr'>non</span> <span class='ocrx_word' id='word_1_126' title='bbox 441 2781 632 2861; x_wconf 86' lang='lat' dir='ltr'>comparuit.</span> 
     </span>
    </p>

    <p class='ocr_par' dir='ltr' id='par_1_11' title="bbox 213 2884 1477 3074">
     <span class='ocr_line' id='line_1_21' title="bbox 319 2884 1477 2968; baseline 0.002 -23"><span class='ocrx_word' id='word_1_127' title='bbox 319 2884 398 2946; x_wconf 88' lang='lat' dir='ltr'>Item</span> <span class='ocrx_word' id='word_1_128' title='bbox 422 2905 515 2947; x_wconf 88' lang='lat' dir='ltr'>causa</span> <span class='ocrx_word' id='word_1_129' title='bbox 534 2886 697 2948; x_wconf 89' lang='lat' dir='ltr'>Dominici</span> <span class='ocrx_word' id='word_1_130' title='bbox 715 2901 746 2948; x_wconf 90' lang='lat' dir='ltr'>et</span> <span class='ocrx_word' id='word_1_131' title='bbox 771 2886 855 2947; x_wconf 88' lang='lat' dir='ltr'>Petri</span> <span class='ocrx_word' id='word_1_132' title='bbox 872 2885 984 2947; x_wconf 90' lang='lat' dir='ltr'>decani</span> <span class='ocrx_word' id='word_1_133' title='bbox 1002 2906 1102 2967; x_wconf 89' lang='lat' dir='ltr'>usque</span> <span class='ocrx_word' id='word_1_134' title='bbox 1123 2900 1197 2948; x_wconf 90' lang='lat' dir='ltr'>octo</span> <span class='ocrx_word' id='word_1_135' title='bbox 1214 2885 1282 2947; x_wconf 87' lang='lat' dir='ltr'>dies</span> <span class='ocrx_word' id='word_1_136' title='bbox 1306 2885 1346 2947; x_wconf 90' lang='lat' dir='ltr'>ad</span> <span class='ocrx_word' id='word_1_137' title='bbox 1364 2905 1477 2968; x_wconf 90' lang='lat' dir='ltr'>pacem</span> 
     </span>
     <span class='ocr_line' id='line_1_22' title="bbox 213 3005 420 3074; baseline 0.014 -22"><span class='ocrx_word' id='word_1_138' title='bbox 213 3005 258 3054; x_wconf 89' lang='lat' dir='ltr'>est</span> <span class='ocrx_word' id='word_1_139' title='bbox 283 3005 420 3074; x_wconf 89' lang='lat' dir='ltr'>recepta.</span> 
     </span>
    </p>

    <p class='ocr_par' dir='ltr' id='par_1_12' title="bbox 212 3097 1478 3288">
     <span class='ocr_line' id='line_1_23' title="bbox 319 3097 1478 3182; baseline 0.001 -24"><span class='ocrx_word' id='word_1_140' title='bbox 319 3097 397 3159; x_wconf 87' lang='lat' dir='ltr'>Item</span> <span class='ocrx_word' id='word_1_141' title='bbox 422 3098 584 3161; x_wconf 89' lang='lat' dir='ltr'>Iohannes</span> <span class='ocrx_word' id='word_1_142' title='bbox 610 3099 754 3181; x_wconf 83' lang='lat' dir='ltr'>Zagorch</span> <span class='ocrx_word' id='word_1_143' title='bbox 787 3113 896 3161; x_wconf 89' lang='lat' dir='ltr'>contra</span> <span class='ocrx_word' id='word_1_144' title='bbox 928 3098 1147 3181; x_wconf 83' lang='lat' dir='ltr'>(Gregorium)</span> <span class='ocrx_word' id='word_1_145' title='bbox 1179 3098 1336 3182; x_wconf 89' lang='lat' dir='ltr'>voyschar</span> <span class='ocrx_word' id='word_1_146' title='bbox 1366 3118 1478 3160; x_wconf 89' lang='lat' dir='ltr'>secun·</span> 
     </span>
     <span class='ocr_line' id='line_1_24' title="bbox 212 3204 756 3288; baseline 0.004 -22"><span class='ocrx_word' id='word_1_147' title='bbox 212 3204 302 3266; x_wconf 90' lang='lat' dir='ltr'>dario</span> <span class='ocrx_word' id='word_1_148' title='bbox 336 3205 450 3267; x_wconf 86' lang='lat' dir='ltr'>citatus</span> <span class='ocrx_word' id='word_1_149' title='bbox 474 3226 539 3268; x_wconf 88' lang='lat' dir='ltr'>non</span> <span class='ocrx_word' id='word_1_150' title='bbox 565 3207 756 3288; x_wconf 88' lang='lat' dir='ltr'>comparuit.</span> 
     </span>
    </p>

    <p class='ocr_par' dir='ltr' id='par_1_13' title="bbox 212 3310 1475 3500">
     <span class='ocr_line' id='line_1_25' title="bbox 317 3310 1475 3395; baseline 0.001 -23"><span class='ocrx_word' id='word_1_151' title='bbox 317 3311 394 3373; x_wconf 92' lang='lat' dir='ltr'>Item</span> <span class='ocrx_word' id='word_1_152' title='bbox 421 3312 539 3374; x_wconf 78' lang='lat' dir='ltr'>I&#39;aulus</span> <span class='ocrx_word' id='word_1_153' title='bbox 563 3326 672 3374; x_wconf 88' lang='lat' dir='ltr'>contra</span> <span class='ocrx_word' id='word_1_154' title='bbox 698 3312 838 3375; x_wconf 90' lang='lat' dir='ltr'>eundem</span> <span class='ocrx_word' id='word_1_155' title='bbox 853 3312 1046 3395; x_wconf 86' lang='lat' dir='ltr'>Gregorium</span> <span class='ocrx_word' id='word_1_156' title='bbox 1072 3310 1262 3374; x_wconf 86' lang='lat' dir='ltr'>secundario</span> <span class='ocrx_word' id='word_1_157' title='bbox 1279 3310 1393 3373; x_wconf 88' lang='lat' dir='ltr'>citatus</span> <span class='ocrx_word' id='word_1_158' title='bbox 1410 3332 1475 3373; x_wconf 89' lang='lat' dir='ltr'>non</span> 
     </span>
     <span class='ocr_line' id='line_1_26' title="bbox 212 3418 401 3500; baseline 0.005 -20"><span class='ocrx_word' id='word_1_159' title='bbox 212 3418 401 3500; x_wconf 88' lang='lat' dir='ltr'>comparuit.</span> 
     </span>
    </p>

    <p class='ocr_par' dir='ltr' id='par_1_14' title="bbox 319 3524 1431 3608">
     <span class='ocr_line' id='line_1_27' title="bbox 319 3524 1431 3608; baseline 0 -23"><span class='ocrx_word' id='word_1_160' title='bbox 319 3524 395 3586; x_wconf 90' lang='lat' dir='ltr'>Item</span> <span class='ocrx_word' id='word_1_161' title='bbox 420 3526 561 3587; x_wconf 89' lang='lat' dir='ltr'>Brumen</span> <span class='ocrx_word' id='word_1_162' title='bbox 588 3540 697 3588; x_wconf 89' lang='lat' dir='ltr'>contra</span> <span class='ocrx_word' id='word_1_163' title='bbox 722 3527 862 3588; x_wconf 89' lang='lat' dir='ltr'>eundem</span> <span class='ocrx_word' id='word_1_164' title='bbox 887 3525 991 3608; x_wconf 94' lang='lat' dir='ltr'>primo</span> <span class='ocrx_word' id='word_1_165' title='bbox 1016 3525 1129 3587; x_wconf 92' lang='lat' dir='ltr'>citatus</span> <span class='ocrx_word' id='word_1_166' title='bbox 1154 3546 1218 3588; x_wconf 88' lang='lat' dir='ltr'>non</span> <span class='ocrx_word' id='word_1_167' title='bbox 1243 3524 1431 3606; x_wconf 91' lang='lat' dir='ltr'>comparuit.</span> 
     </span>
    </p>

    <p class='ocr_par' dir='ltr' id='par_1_15' title="bbox 319 3631 1476 3715">
     <span class='ocr_line' id='line_1_28' title="bbox 319 3631 1476 3715; baseline 0.002 -23"><span class='ocrx_word' id='word_1_168' title='bbox 319 3631 396 3694; x_wconf 89' lang='lat' dir='ltr'>Item</span> <span class='ocrx_word' id='word_1_169' title='bbox 421 3632 590 3694; x_wconf 88' lang='lat' dir='ltr'>Ivanchich</span> <span class='ocrx_word' id='word_1_170' title='bbox 615 3647 725 3697; x_wconf 85' lang='lat' dir='ltr'>contra</span> <span class='ocrx_word' id='word_1_171' title='bbox 750 3634 895 3695; x_wconf 86' lang='lat' dir='ltr'>Marcum</span> <span class='ocrx_word' id='word_1_172' title='bbox 921 3633 1026 3715; x_wconf 93' lang='lat' dir='ltr'>primo</span> <span class='ocrx_word' id='word_1_173' title='bbox 1052 3633 1165 3694; x_wconf 92' lang='lat' dir='ltr'>citatus</span> <span class='ocrx_word' id='word_1_174' title='bbox 1196 3652 1261 3693; x_wconf 90' lang='lat' dir='ltr'>non</span> <span class='ocrx_word' id='word_1_175' title='bbox 1287 3632 1476 3713; x_wconf 90' lang='lat' dir='ltr'>comparuit.</span> 
     </span>
    </p>

    <p class='ocr_par' dir='ltr' id='par_1_16' title="bbox 316 3737 1473 3821">
     <span class='ocr_line' id='line_1_29' title="bbox 316 3737 1473 3821; baseline 0.001 -22"><span class='ocrx_word' id='word_1_176' title='bbox 316 3737 393 3800; x_wconf 90' lang='lat' dir='ltr'>Item</span> <span class='ocrx_word' id='word_1_177' title='bbox 418 3739 573 3800; x_wconf 89' lang='lat' dir='ltr'>Lucasius</span> <span class='ocrx_word' id='word_1_178' title='bbox 596 3754 705 3801; x_wconf 88' lang='lat' dir='ltr'>contra</span> <span class='ocrx_word' id='word_1_179' title='bbox 731 3741 919 3801; x_wconf 84' lang='lat' dir='ltr'>Kuskonem</span> <span class='ocrx_word' id='word_1_180' title='bbox 934 3739 1038 3821; x_wconf 92' lang='lat' dir='ltr'>primo</span> <span class='ocrx_word' id='word_1_181' title='bbox 1063 3739 1176 3800; x_wconf 90' lang='lat' dir='ltr'>citatus</span> <span class='ocrx_word' id='word_1_182' title='bbox 1193 3757 1257 3798; x_wconf 88' lang='lat' dir='ltr'>non</span> <span class='ocrx_word' id='word_1_183' title='bbox 1284 3737 1473 3819; x_wconf 90' lang='lat' dir='ltr'>comparuit.</span> 
     </span>
    </p>

    <p class='ocr_par' dir='ltr' id='par_1_17' title="bbox 316 3844 1384 3928">
     <span class='ocr_line' id='line_1_30' title="bbox 316 3844 1384 3928; baseline 0.001 -23"><span class='ocrx_word' id='word_1_184' title='bbox 316 3845 394 3906; x_wconf 90' lang='lat' dir='ltr'>Item</span> <span class='ocrx_word' id='word_1_185' title='bbox 420 3846 482 3906; x_wconf 84' lang='lat' dir='ltr'>Res</span> <span class='ocrx_word' id='word_1_186' title='bbox 506 3859 616 3907; x_wconf 89' lang='lat' dir='ltr'>contra</span> <span class='ocrx_word' id='word_1_187' title='bbox 641 3845 810 3908; x_wconf 86' lang='lat' dir='ltr'>Corlatum</span> <span class='ocrx_word' id='word_1_188' title='bbox 835 3847 939 3928; x_wconf 92' lang='lat' dir='ltr'>primo</span> <span class='ocrx_word' id='word_1_189' title='bbox 964 3846 1076 3907; x_wconf 89' lang='lat' dir='ltr'>citatus</span> <span class='ocrx_word' id='word_1_190' title='bbox 1101 3864 1166 3905; x_wconf 88' lang='lat' dir='ltr'>non</span> <span class='ocrx_word' id='word_1_191' title='bbox 1195 3844 1384 3925; x_wconf 91' lang='lat' dir='ltr'>comparuit.</span> 
     </span>
    </p>

    <p class='ocr_par' dir='ltr' id='par_1_18' title="bbox 211 3950 1473 4142">
     <span class='ocr_line' id='line_1_31' title="bbox 315 3950 1473 4032; baseline -0.002 -19"><span class='ocrx_word' id='word_1_192' title='bbox 315 3953 393 4015; x_wconf 88' lang='lat' dir='ltr'>Item</span> <span class='ocrx_word' id='word_1_193' title='bbox 429 3952 612 4014; x_wconf 84' lang='lat' dir='ltr'>Anthonius</span> <span class='ocrx_word' id='word_1_194' title='bbox 648 3953 771 4015; x_wconf 88' lang='lat' dir='ltr'>Iursich</span> <span class='ocrx_word' id='word_1_195' title='bbox 808 3966 918 4015; x_wconf 90' lang='lat' dir='ltr'>contra</span> <span class='ocrx_word' id='word_1_196' title='bbox 952 3952 1080 4013; x_wconf 88' lang='lat' dir='ltr'>Petrum</span> <span class='ocrx_word' id='word_1_197' title='bbox 1120 3951 1226 4032; x_wconf 93' lang='lat' dir='ltr'>primo</span> <span class='ocrx_word' id='word_1_198' title='bbox 1259 3950 1372 4011; x_wconf 86' lang='lat' dir='ltr'>citatus</span> <span class='ocrx_word' id='word_1_199' title='bbox 1410 3969 1473 4012; x_wconf 90' lang='lat' dir='ltr'>non</span> 
     </span>
     <span class='ocr_line' id='line_1_32' title="bbox 211 4059 399 4142; baseline 0.005 -22"><span class='ocrx_word' id='word_1_200' title='bbox 211 4059 399 4142; x_wconf 85' lang='lat' dir='ltr'>comparuit.</span> 
     </span>
    </p>

    <p class='ocr_par' dir='ltr' id='par_1_19' title="bbox 212 4162 1473 4461">
     <span class='ocr_line' id='line_1_33' title="bbox 318 4162 1472 4247; baseline -0.003 -21"><span class='ocrx_word' id='word_1_201' title='bbox 318 4166 397 4227; x_wconf 88' lang='lat' dir='ltr'>Item</span> <span class='ocrx_word' id='word_1_202' title='bbox 429 4165 591 4227; x_wconf 87' lang='lat' dir='ltr'>Iohannes</span> <span class='ocrx_word' id='word_1_203' title='bbox 618 4185 735 4247; x_wconf 86' lang='lat' dir='ltr'>parvus</span> <span class='ocrx_word' id='word_1_204' title='bbox 769 4179 878 4228; x_wconf 90' lang='lat' dir='ltr'>contra</span> <span class='ocrx_word' id='word_1_205' title='bbox 911 4166 1054 4226; x_wconf 85' lang='lat' dir='ltr'>Marcum</span> <span class='ocrx_word' id='word_1_206' title='bbox 1087 4162 1280 4225; x_wconf 89' lang='lat' dir='ltr'>Gmizouich</span> <span class='ocrx_word' id='word_1_207' title='bbox 1311 4175 1407 4224; x_wconf 90' lang='lat' dir='ltr'>testes</span> <span class='ocrx_word' id='word_1_208' title='bbox 1441 4162 1472 4223; x_wconf 89' lang='lat' dir='ltr'>in</span> 
     </span>
     <span class='ocr_line' id='line_1_34' title="bbox 212 4269 1473 4355; baseline -0.004 -21"><span class='ocrx_word' id='word_1_209' title='bbox 212 4272 317 4353; x_wconf 83' lang='lat' dir='ltr'>prImo</span> <span class='ocrx_word' id='word_1_210' title='bbox 341 4271 460 4353; x_wconf 91' lang='lat' dir='ltr'>judicio</span> <span class='ocrx_word' id='word_1_211' title='bbox 478 4272 654 4355; x_wconf 89' lang='lat' dir='ltr'>producere</span> <span class='ocrx_word' id='word_1_212' title='bbox 673 4272 778 4350; x_wconf 85' lang='lat' dir='ltr'>debet,</span> <span class='ocrx_word' id='word_1_213' title='bbox 796 4271 963 4334; x_wconf 89' lang='lat' dir='ltr'>videlicet:</span> <span class='ocrx_word' id='word_1_214' title='bbox 980 4269 1143 4348; x_wconf 86' lang='lat' dir='ltr'>Jofanum,</span> <span class='ocrx_word' id='word_1_215' title='bbox 1162 4269 1290 4331; x_wconf 89' lang='lat' dir='ltr'>Petrum</span> <span class='ocrx_word' id='word_1_216' title='bbox 1308 4269 1473 4350; x_wconf 85' lang='lat' dir='ltr'>Vagarum</span> 
     </span>
     <span class='ocr_line' id='line_1_35' title="bbox 212 4379 707 4461; baseline -0.002 -20"><span class='ocrx_word' id='word_1_217' title='bbox 212 4394 240 4441; x_wconf 87' lang='lat' dir='ltr'>et</span> <span class='ocrx_word' id='word_1_218' title='bbox 263 4379 438 4441; x_wconf 91' lang='lat' dir='ltr'>Martinum</span> <span class='ocrx_word' id='word_1_219' title='bbox 461 4380 707 4461; x_wconf 89' lang='lat' dir='ltr'>carpentarium.</span> 
     </span>
    </p>

    <p class='ocr_par' dir='ltr' id='par_1_20' title="bbox 211 4480 1473 4676">
     <span class='ocr_line' id='line_1_36' title="bbox 317 4480 1473 4568; baseline -0.005 -21"><span class='ocrx_word' id='word_1_220' title='bbox 317 4487 395 4548; x_wconf 93' lang='lat' dir='ltr'>Item</span> <span class='ocrx_word' id='word_1_221' title='bbox 420 4505 514 4547; x_wconf 88' lang='lat' dir='ltr'>causa</span> <span class='ocrx_word' id='word_1_222' title='bbox 538 4486 647 4547; x_wconf 89' lang='lat' dir='ltr'>Jacobi</span> <span class='ocrx_word' id='word_1_223' title='bbox 673 4485 833 4568; x_wconf 84' lang='lat' dir='ltr'>Gyungek</span> <span class='ocrx_word' id='word_1_224' title='bbox 860 4503 960 4566; x_wconf 91' lang='lat' dir='ltr'>usque</span> <span class='ocrx_word' id='word_1_225' title='bbox 984 4482 1124 4565; x_wconf 89' lang='lat' dir='ltr'>primum</span> <span class='ocrx_word' id='word_1_226' title='bbox 1149 4480 1303 4562; x_wconf 89' lang='lat' dir='ltr'>judicium</span> <span class='ocrx_word' id='word_1_227' title='bbox 1330 4493 1376 4542; x_wconf 88' lang='lat' dir='ltr'>est</span> <span class='ocrx_word' id='word_1_228' title='bbox 1400 4499 1473 4562; x_wconf 90' lang='lat' dir='ltr'>pro·</span> 
     </span>
     <span class='ocr_line' id='line_1_37' title="bbox 211 4608 329 4676; baseline 0.017 -22"><span class='ocrx_word' id='word_1_229' title='bbox 211 4608 329 4676; x_wconf 77' lang='lat' dir='ltr'>rogata.</span> 
     </span>
    </p>

    <p class='ocr_par' dir='ltr' id='par_1_21' title="bbox 212 4693 1471 4889">
     <span class='ocr_line' id='line_1_38' title="bbox 315 4693 1471 4778; baseline -0.008 -16"><span class='ocrx_word' id='word_1_230' title='bbox 315 4700 393 4762; x_wconf 92' lang='lat' dir='ltr'>Item</span> <span class='ocrx_word' id='word_1_231' title='bbox 426 4720 518 4761; x_wconf 88' lang='lat' dir='ltr'>causa</span> <span class='ocrx_word' id='word_1_232' title='bbox 544 4699 699 4760; x_wconf 89' lang='lat' dir='ltr'>Iohannis</span> <span class='ocrx_word' id='word_1_233' title='bbox 732 4711 762 4759; x_wconf 85' lang='lat' dir='ltr'>et</span> <span class='ocrx_word' id='word_1_234' title='bbox 793 4697 931 4760; x_wconf 87' lang='lat' dir='ltr'>allorum</span> <span class='ocrx_word' id='word_1_235' title='bbox 953 4695 1164 4778; x_wconf 87' lang='lat' dir='ltr'>jobagionum</span> <span class='ocrx_word' id='word_1_236' title='bbox 1198 4713 1299 4777; x_wconf 88' lang='lat' dir='ltr'>usque</span> <span class='ocrx_word' id='word_1_237' title='bbox 1331 4693 1471 4776; x_wconf 93' lang='lat' dir='ltr'>primum</span> 
     </span>
     <span class='ocr_line' id='line_1_39' title="bbox 212 4805 641 4889; baseline 0 -20"><span class='ocrx_word' id='word_1_238' title='bbox 212 4805 365 4888; x_wconf 83' lang='lat' dir='ltr'>judicium</span> <span class='ocrx_word' id='word_1_239' title='bbox 390 4820 437 4869; x_wconf 86' lang='lat' dir='ltr'>est</span> <span class='ocrx_word' id='word_1_240' title='bbox 460 4820 641 4889; x_wconf 87' lang='lat' dir='ltr'>prorogata.</span> 
     </span>
    </p>
   </div>
   <div class='ocr_carea' id='block_1_3' title="bbox 0 0 1706 5362">
    <p class='ocr_par' dir='ltr' id='par_1_22' title="bbox 0 0 1706 5362">
     <span class='ocr_line' id='line_1_40' title="bbox 0 0 1706 5362; baseline 0 3"><span class='ocrx_word' id='word_1_241' title='bbox 0 0 1706 5362; x_wconf 95' lang='lat' dir='ltr'> </span> 
     </span>
    </p>
   </div>
  </div>
 </body>
</html>
