3404 5362
587 90 788 170 Anno1385.
811 125 855 136 —
878 106 926 169 15.
950 96 1122 170 septembris.
1432 115 1491 176 251

215 310 323 387 Feria
352 323 452 387 sexta
480 316 636 403 proxima
665 322 742 403 post
774 314 897 384 festum
926 303 1191 406 (Exaltacionis)
1229 323 1345 387 sancte
1373 318 1496 388 crucis.

726 471 790 544 (15.
820 466 1007 541 septembris).

335 605 412 668 Item
440 605 558 667 Paulus
582 604 667 666 filius
684 604 846 667 Charanta
870 620 981 667 contra
998 606 1083 668 Iwan
1109 621 1139 669 et
1162 606 1371 669 Valentinum
1389 607 1494 688 prImo

214 713 342 773 citatus
366 732 431 773 non
456 712 648 792 comparuit.

333 817 412 878 Item
437 837 533 878 causa
557 817 669 880 Iacobi
695 817 774 879 Bole
799 833 908 879 contra
926 817 1078 901 Gyanum
1104 819 1145 881 ad
1169 834 1317 881 octavum
1344 818 1430 880 diem
1455 818 1494 880 ad

212 942 337 1006 pacem
364 938 410 985 est
434 936 572 1004 recepta.

334 1029 413 1090 Item
432 1029 544 1089 Marko
569 1027 654 1090 filius
679 1029 807 1090 Mikech
831 1029 1006 1110 quemdam
1031 1050 1151 1112 equum
1176 1044 1291 1091 octavo
1316 1030 1367 1091 die
1384 1044 1494 1091 contra

218 1134 384 1196 Iacobum
411 1135 489 1196 Bole
514 1148 652 1196 statuere
677 1134 783 1196 debet.
1216 1150 1219 1155 ·

333 1240 413 1301 Item
437 1259 532 1301 causa
558 1238 714 1322 Zekyrich
740 1254 849 1303 contra
883 1240 1093 1302 Benedictum
1120 1240 1283 1324 Scornych
1308 1254 1340 1303 et
1363 1239 1493 1303 fratrem

223 1365 321 1408 suum
347 1346 387 1407 ad
413 1361 564 1408 octavum
590 1346 676 1407 diem
700 1346 740 1407 ad
764 1366 877 1428 pacem
902 1359 948 1408 est
970 1361 1107 1430 recepta.

332 1453 410 1513 Item
436 1452 559 1535 Symon
592 1452 691 1534 dolgy
722 1467 832 1513 contra
858 1452 1059 1535 Mycbaelem
1089 1451 1215 1514 fabrum
1240 1453 1346 1535 prImo
1379 1454 1493 1516 citatus

224 1578 289 1621 non
317 1558 507 1640 comparuit.

333 1665 412 1726 Item
437 1683 530 1726 causa
556 1664 694 1725 Emerici
720 1665 881 1747 arcuparis
905 1678 936 1727 et
961 1664 1073 1726 Raden
1098 1680 1209 1728 eontra
1234 1668 1350 1729 KelnIz
1375 1668 1414 1729 ad
1439 1689 1493 1730 oc·

224 1787 336 1834 tavum
360 1771 448 1833 diem
473 1770 512 1832 ad
536 1790 650 1852 pacem
674 1785 720 1833 est
743 1785 881 1852 recepta.

333 1878 413 1940 Item
427 1896 521 1939 causa
546 1876 682 1959 Myklini
707 1891 817 1938 contra
842 1877 1035 1960 lurglynum
1067 1878 1251 1960 piliatorem
1276 1879 1316 1941 ad
1341 1894 1492 1943 octavum

225 1983 312 2046 diem
337 1983 377 2047 ad
403 2002 515 2066 pacem
540 1997 587 2044 est
614 1997 751 2065 recepta.

330 2087 410 2151 Item
443 2109 538 2150 causa
571 2087 683 2150 famuli
715 2089 822 2150 Endre
854 2091 1016 2172 arcuparis
1047 2105 1158 2154 contra
1184 2094 1269 2155 Iwan
1294 2093 1419 2155 fabrum
1452 2093 1492 2155 ad

225 2207 375 2257 octavum
401 2195 487 2257 diem
511 2194 552 2256 ad
577 2214 688 2277 pacem
714 2210 760 2258 est
784 2209 919 2278 recepta.

329 2302 408 2363 Item
434 2301 606 2384 Dragonya
630 2315 740 2362 contra
766 2300 946 2383 Georgium
977 2317 1120 2366 sutorem
1145 2305 1250 2387 primo
1286 2306 1400 2368 citatus
1424 2326 1491 2369 uon

226 2408 418 2490 comparuit.

328 2513 409 2576 Item
433 2512 597 2575 Iohannes
621 2513 790 2596 Praudych
814 2528 924 2575 contra
954 2514 1133 2597 Georgium
1157 2518 1262 2600 primo
1288 2519 1401 2580 citatus
1426 2538 1490 2580 non

227 2620 419 2703 comparuit.

330 2726 409 2788 Item
427 2745 521 2788 causa
539 2727 636 2789 Blasii
654 2728 784 2788 sartoris
800 2742 912 2789 contra
929 2727 1093 2791 Andream
1110 2744 1265 2792 sartorem
1282 2731 1322 2792 ad
1340 2745 1491 2793 octavum

226 2830 311 2894 diem
336 2832 376 2894 ad
399 2852 513 2914 pacem
538 2846 584 2895 est
607 2848 744 2915 recepta.

328 2939 408 3001 Item
444 2958 538 3000 causa
575 2938 723 3021 Gregorii
755 2954 866 3001 contra
900 2941 1035 3003 Paulum
1071 2943 1112 3002 ad
1144 2957 1295 3004 octavum
1327 2942 1414 3005 diem
1450 2943 1491 3006 ad

225 3063 336 3126 pacem
361 3057 409 3107 est
431 3060 568 3128 recepta.

330 3151 407 3213 Item
433 3152 571 3213 Jacobus
594 3150 724 3234 pellifex
749 3168 858 3214 contra
884 3153 971 3233 Span
987 3152 1143 3234 quasdam
1168 3154 1275 3216 literas
1299 3170 1413 3218 octavo
1439 3155 1491 3217 die

226 3255 375 3318 exhibere
400 3257 506 3320 debet.

328 3362 406 3425 Item
431 3384 524 3425 causa
551 3365 650 3426 Marci
676 3363 733 3426 filii
758 3364 895 3448 Mykech
919 3377 1029 3427 contra
1054 3365 1141 3428 Iwan
1166 3369 1206 3429 ad
1231 3382 1380 3432 octavum
1405 3370 1492 3432 dlem

224 3468 263 3530 ad
290 3488 403 3551 pacem
428 3483 475 3532 est
498 3485 635 3553 recepta.

332 3574 411 3638 Item
436 3580 538 3657 Agata
562 3577 679 3639 mulier
695 3592 784 3639 sexto
806 3597 839 3640 se
864 3594 977 3641 octavo
1002 3580 1053 3641 die
1078 3601 1173 3663 super
1191 3601 1229 3643 eo
1253 3582 1381 3664 jurabit,
1403 3582 1492 3665 quod

225 3679 293 3763 ipsa
317 3683 492 3763 quamdam
519 3684 683 3744 camisiam
708 3704 773 3746 non
799 3685 1015 3749 subtraxisset.

331 3787 409 3849 Item
426 3794 553 3871 Agnesa
571 3790 679 3871 puella
703 3792 802 3852 tercio
819 3811 852 3854 se
869 3806 983 3853 octavo
1007 3792 1059 3855 die
1076 3813 1171 3875 super
1194 3814 1233 3855 eo
1258 3794 1386 3875 jurabit,
1404 3794 1492 3876 quod

225 3893 399 3974 quamdam
424 3897 588 3958 camisiam
613 3916 678 3957 non
701 3897 916 3961 subtraxisset.

332 4000 411 4063 Item
428 4001 594 4065 fideiussor
612 4001 791 4083 Georgium
809 4002 913 4064 filium
931 4003 1016 4065 Iwan
1031 4019 1145 4066 octavo
1162 4005 1214 4067 die
1232 4020 1368 4067 statuere
1386 4007 1491 4071 debet.

332 4108 410 4171 Item
436 4109 599 4171 lohannes
622 4107 706 4170 filius
730 4109 849 4171 Donati
875 4125 984 4171 contra
1018 4109 1131 4193 Cygan
1157 4131 1250 4173 suum
1275 4111 1491 4193 jurameutum

225 4233 289 4276 non
315 4215 464 4296 deposuit
488 4229 523 4277 ut
551 4215 697 4278 debebat.
