3404 5362
617 336 705 393 Anno
728 331 820 412 1382.
847 368 886 378 -
911 348 967 411 29.
984 336 1067 409 julii.
1422 331 1479 411 185

212 547 370 610 Martinus
393 545 551 628 Zekyrich
575 559 759 608 consortem
783 544 929 606 eiusdem
963 544 1091 606 Martini
1122 544 1191 605 dire
1220 545 1427 621 verberasset,
1452 555 1483 603 et

214 652 275 714 hoc
299 667 415 715 octavo
439 652 503 714 die.

323 759 401 821 Item
425 779 519 820 causa
548 756 678 820 Gerdak
710 773 820 821 contra
852 773 1034 821 consortem
1064 756 1156 818 Pauli
1180 755 1318 817 cursoris
1347 775 1405 837 per
1429 755 1482 816 Io·

214 865 357 928 hannem
381 865 503 926 dictum
534 864 632 925 Liber
663 883 699 926 ac
731 863 911 926 Johannem
946 864 1068 925 dictum
1101 861 1225 924 Custris
1257 860 1296 922 ad
1332 874 1482 922 octavum

214 972 301 1033 diem
326 972 367 1033 ad
391 990 504 1054 pacem
532 983 579 1032 est
604 983 741 1053 recepta.

320 1077 399 1140 Item
423 1077 491 1137 Kus
524 1076 751 1138 Zkrilakouich
785 1089 895 1138 contra
927 1074 1103 1156 Georgium
1135 1073 1240 1157 primo
1272 1073 1386 1135 citatus
1416 1092 1483 1134 non

214 1184 406 1267 comparuit

322 1289 401 1352 Item
426 1310 520 1352 causa
552 1287 716 1351 Dominici
748 1286 829 1350 labri
862 1300 973 1350 contra
1002 1286 1180 1369 Georgium
1214 1287 1343 1368 Mlynar
1365 1285 1405 1348 ad
1430 1304 1483 1347 oc-

211 1409 324 1458 tavum
348 1396 435 1458 diem
457 1397 498 1459 ad
522 1414 636 1477 pacem
661 1407 709 1456 est
730 1406 867 1476 recepta.

320 1502 400 1565 Item
433 1503 547 1565 Korlat
578 1501 684 1563 dictus
716 1501 825 1562 Sostar
857 1514 967 1562 contra
998 1499 1180 1561 Iohannem
1211 1499 1311 1560 Vasas
1342 1497 1482 1579 judicem

212 1609 320 1691 primo
344 1610 457 1672 citatus
481 1629 546 1671 non
569 1608 760 1690 comparuit.

319 1714 397 1776 Item
434 1713 611 1796 Gregorius
645 1713 780 1776 voschar
815 1726 925 1776 contra
962 1712 1166 1776 Clementem
1198 1711 1304 1793 primo
1350 1710 1482 1773 citatum

215 1821 435 1903 respondebit.

321 1926 400 1988 Item
424 1946 520 1988 causa
553 1926 653 1988 Marci
686 1939 796 1988 contra
829 1923 1008 2006 Georgium
1038 1937 1244 2005 prenotatam
1268 1924 1309 1985 ad
1334 1937 1482 1984 octavum

213 2030 301 2094 diem
326 2032 366 2093 ad
390 2052 502 2115 pacem
527 2045 574 2095 est
597 2045 734 2114 recepta,
758 2045 789 2093 et
812 2031 873 2093 hoc
897 2031 929 2092 in
954 2029 1038 2093 facto
1063 2029 1229 2093 cuiusdam
1255 2029 1341 2110 equi.

321 2138 400 2201 Item
426 2137 590 2201 Iohannes
612 2137 697 2200 filius
720 2138 807 2199 lwan
831 2136 887 2198 filii
913 2136 1053 2199 Chemer
1076 2156 1171 2219 super¹
1195 2135 1309 2197 decem
1333 2147 1364 2196 et
1388 2134 1480 2215 quin·

210 2244 447 2306 tamdimidiam
480 2263 602 2306 marcas
632 2244 840 2306 denariorum
868 2263 969 2325 usque
1001 2256 1150 2304 octavum
1182 2242 1279 2320 diem,
1312 2259 1370 2323 pro
1397 2241 1484 2302 Lau·

214 2350 324 2411 rencio
347 2348 516 2411 fideiussor
539 2350 654 2430 existit,
678 2362 713 2412 ut
736 2349 854 2411 dictam
886 2349 1057 2431 pecuniam
1087 2367 1190 2429 usque
1223 2347 1404 2430 predictum
1429 2365 1483 2408 oc·

214 2470 324 2517 ravum
349 2456 435 2518 diem
461 2457 582 2538 Spano,
604 2456 757 2537 ponendo
782 2456 943 2517 intereos
974 2456 1148 2533 racionem,
1172 2453 1366 2536 persolvent.

321 2560 400 2624 Item
424 2563 577 2625 Marenus
600 2562 738 2625 condam
762 2560 883 2643 juratus
906 2561 1046 2643 quedam
1063 2561 1198 2624 literalia
1223 2559 1426 2621 munimenta
1450 2557 1482 2621 in

214 2667 319 2749 primo
343 2667 464 2749 judicio
490 2667 633 2750 Georgio
657 2668 724 2731 filio
749 2669 879 2730 Thome
900 2669 976 2731 dare
1001 2669 1097 2731 debet
1121 2682 1152 2730 et
1175 2667 1236 2728 hoc
1260 2667 1294 2728 in
1318 2667 1481 2749 presencia

217 2771 315 2835 Blasii
339 2772 503 2840 aurifabri.

319 2877 398 2942 Item
422 2881 613 2943 Dominicus
637 2878 779 2943 famulus
810 2880 1058 2964 Andreyeuicha
1080 2881 1222 2944 secundo
1256 2901 1289 2943 se
1315 2882 1347 2943 in
1372 2901 1411 2943 eo
1436 2879 1483 2961 ju·

217 2985 310 3065 rabit,
334 2970 423 3069 quod
456 2988 613 3050 Martinus
643 2987 800 3070 Zekyrich
832 2988 938 3069 ipsum
971 2987 1121 3049 letalibus
1152 2988 1340 3049 vulneribus
1372 2988 1483 3048 vulne-

217 3107 325 3172 rasset,
349 3108 380 3155 et
403 3093 465 3157 hoc
489 3107 603 3156 octavo
627 3093 690 3156 die.

320 3199 400 3262 Item
424 3199 513 3281 quod
535 3200 611 3281 quia
636 3200 762 3261 Marcus
786 3198 870 3261 filius
898 3199 1035 3282 Mykech
1066 3201 1099 3261 in
1124 3199 1208 3262 lacto
1235 3199 1403 3261 cuiusdam
1429 3218 1483 3281 pe-

218 3305 311 3367 cunie
334 3319 366 3367 et
388 3306 490 3368 tribus
514 3306 619 3367 bobus
643 3318 737 3367 testes
765 3325 841 3367 suos
872 3303 1016 3367 efficaces
1048 3319 1158 3368 contra
1183 3303 1362 3386 Georgium
1389 3305 1482 3367 Blan-

217 3410 317 3493 chych
342 3411 464 3473 dictum
487 3411 666 3493 producere
690 3430 755 3472 non
780 3411 891 3491 valuit,
915 3411 989 3472 ideo
1018 3431 1146 3473 causam
1170 3431 1262 3474 suam
1287 3411 1437 3494 perdidit.

320 3517 399 3579 Item
424 3517 586 3580 lohannes
611 3516 827 3599 carpentarius
843 3517 985 3580 secundo
1006 3538 1039 3579 se
1064 3538 1222 3600 supereo
1248 3516 1377 3598 jurabit,
1394 3517 1483 3599 quod

217 3622 371 3684 Martinus
394 3622 499 3685 dictus
524 3623 707 3706 Herketych
732 3624 837 3706 ipsum
860 3623 1066 3702 vulnerasset,
1092 3637 1123 3685 et
1146 3624 1207 3685 hoc
1232 3637 1347 3685 octavo
1372 3623 1434 3687 die.

322 3728 400 3790 Item
424 3749 519 3791 causa
543 3728 673 3792 Chernk
698 3743 729 3792 et
753 3728 887 3811 Georgii
904 3730 981 3792 dicti
1005 3730 1151 3813 Sydouin
1176 3745 1222 3793 est
1247 3751 1303 3813 per
1326 3745 1422 3793 testes
1442 3732 1482 3793 ad

219 3849 367 3896 octavum
392 3836 477 3898 diem
495 3850 667 3919 prorogata
683 3855 723 3898 eo
751 3836 861 3917 modo,
884 3837 973 3918 quod
1002 3837 1027 3898 si
1055 3837 1159 3900 dictus
1187 3836 1353 3919 Georgius
1377 3837 1483 3899 eidem

218 3938 346 4002 Chernk
362 3961 421 4023 pro
446 3942 640 4023 quibusdam
664 3943 729 4004 suis
752 3943 932 4004 excessibus
948 3963 1050 4025 usque
1074 3944 1196 4006 dictum
1213 3957 1369 4005 octavum
1394 3943 1482 4005 diem

218 4045 472 4109 satisfaccionem
496 4048 689 4130 inpenderit,
705 4049 876 4130 ipsumque
900 4050 1058 4111 curaverit
1081 4063 1112 4111 et
1127 4050 1224 4111 simili
1243 4049 1342 4112 modo
1366 4050 1481 4132 judici,

218 4165 292 4215 tunc
315 4154 417 4216 eciam
447 4169 478 4217 et
501 4154 623 4235 judices
647 4155 687 4216 de
712 4154 853 4237 prefacto
878 4154 1021 4237 Georgio
1053 4154 1258 4218 diffinitivam
1284 4157 1482 4219 sentenciam

219 4255 321 4322 lacere
345 4259 473 4323 debent.

323 4364 404 4428 Item
428 4367 575 4430 Andreas
600 4366 783 4450 Gustchyclr
808 4367 912 4430 dictus
942 4367 1083 4430 secundo
1107 4388 1140 4429 se
1172 4387 1267 4447 super
1292 4388 1331 4430 eo
1356 4367 1482 4447 jurabit,

219 4471 305 4552 quod
331 4473 484 4534 Nicolaus
507 4472 648 4535 famulus
664 4473 809 4557 Vydonis
834 4494 908 4536 eum
925 4475 1133 4555 vulnerasset,
1157 4487 1189 4536 et
1210 4473 1270 4535 hoc
1287 4488 1402 4535 octavo
1418 4473 1481 4537 die.

322 4577 401 4640 Item
425 4580 579 4642 Nicolaus
608 4581 750 4642 sororius
773 4578 906 4661 Georgii
939 4582 1128 4664 carpentarii
1160 4581 1304 4643 secundo
1329 4600 1363 4642 se
1387 4600 1483 4662 super

217 4703 255 4747 eo
279 4684 415 4767 jurabit,
448 4686 536 4768 quod
567 4706 625 4748 nec
649 4687 717 4769 ipse
749 4707 807 4748 nec
839 4687 922 4749 alius
953 4687 1052 4750 homo
1076 4709 1153 4751 suus
1186 4687 1318 4750 domine
1343 4687 1482 4749 Hemma

217 4806 328 4854 vocate
353 4793 477 4874 aliquas
502 4813 551 4855 res
573 4793 612 4854 de
637 4793 736 4855 domo
760 4813 816 4854 sua
841 4794 1052 4873 abstraxisset,
1077 4809 1109 4857 et
1134 4795 1196 4857 hoc
1220 4808 1335 4856 octavo
1359 4794 1422 4856 die.
