3404 5362
482 339 566 394 Anno
589 333 679 413 1376.
706 370 745 379 -
770 350 822 411 29.
845 337 958 410 aprilis

97 547 224 630 Angeli,
257 548 348 630 quod
371 547 438 630 ipse
468 567 570 629 usque
602 546 717 609 festum
752 550 843 609 beate
875 546 1075 629 Margarethe
1099 548 1232 630 virginis
1256 561 1362 610 ortum

100 674 193 717 suum
218 655 323 739 sepire
356 654 468 734 debet,
499 654 645 736 alioquin
676 673 771 716 suum
800 653 1036 735 juramentum,
1067 653 1228 736 siquidem
1259 657 1364 735 stabit,

96 758 223 822 firmum
248 758 489 842 deponendum.

200 865 280 928 Item
304 864 464 928 lanchech
488 863 648 928 aurifaber
664 878 774 927 contra
791 864 926 927 luanum
956 864 1095 927 Plauech
1120 866 1224 948 primo
1249 866 1363 928 citatus

96 990 160 1033 non
185 971 376 1053 comparuit.

200 1095 280 1158 ltem
306 1094 429 1179 Symon
452 1094 548 1157 Zolar
571 1108 681 1157 contra
706 1093 866 1156 lanchecb
897 1093 1095 1158 aurifabrum
1118 1096 1224 1177 primo
1249 1097 1363 1159 citatus

97 1221 158 1263 non
183 1201 374 1283 comparuit.

200 1307 280 1370 ltem
304 1327 399 1369 causa
423 1305 579 1369 lobannis
603 1319 634 1369 et
655 1306 788 1388 Georgii
812 1306 978 1370 familiaris
995 1307 1119 1369 domini
1144 1308 1295 1390 prepositi
1315 1322 1362 1370 est

96 1433 150 1496 per
163 1413 307 1495 judicem
321 1427 352 1476 et
364 1413 485 1495 juratos
496 1411 537 1475 ad
551 1411 663 1475 feriam
674 1427 794 1475 sextam
809 1413 979 1496 plusquam
996 1426 1163 1476 venturam
1178 1427 1359 1496 prorogata.

201 1538 281 1601 ltem
305 1539 456 1601 Marenus
473 1550 585 1600 contra
601 1537 780 1600 lanslinum
806 1537 1025 1599 balneatorem
1042 1537 1148 1620 primo
1165 1537 1277 1599 citatus
1295 1556 1360 1598 non

96 1645 287 1727 comparuit.

199 1751 279 1813 ltem
292 1749 419 1813 Milcech
436 1763 538 1813 sartor
554 1764 663 1812 contra
677 1750 813 1813 Paulum
828 1750 937 1833 Kypar
950 1762 1063 1812 octavo
1080 1749 1131 1811 die
1143 1749 1359 1832 respondebit.

199 1857 279 1919 ltem
305 1856 425 1920 Mathia
457 1855 616 1918 aurifaber
648 1856 749 1918 Paulo
778 1856 888 1939 Kypar
920 1856 951 1917 in
984 1854 1156 1937 quindenis
1179 1875 1280 1918 unum
1302 1855 1359 1918 flo-

94 1983 207 2027 renum
237 1962 408 2046 persolvet.

196 2087 276 2150 ltem
299 2086 445 2149 Andreas
470 2086 644 2149 Gusichicb
669 2099 778 2148 contra
810 2085 966 2146 Jacobum
995 2084 1098 2147 filium
1130 2085 1229 2147 Marci
1254 2085 1359 2168 primo

93 2193 206 2256 citatus
229 2212 294 2256 non
320 2193 511 2275 comparuit.

199 2299 278 2363 ltem
302 2298 469 2361 Emericus
493 2312 608 2360 octavo
633 2297 685 2360 die
717 2300 864 2362 atestabit
887 2319 944 2382 per
968 2297 1137 2361 Cbernech
1170 2318 1303 2381 parvum
1329 2312 1359 2361 et

95 2404 264 2467 Miclinum
288 2424 453 2487 supereo,
477 2403 565 2486 quod
582 2405 659 2466 luan
676 2405 737 2467 sibi
761 2424 815 2466 sex
832 2425 947 2488 pensas
964 2404 1170 2467 denariorum
1186 2418 1357 2470 teneretur.

198 2512 277 2575 ltem
291 2513 394 2575 Lucas
406 2512 543 2594 pellipar
555 2526 665 2575 contra
675 2511 841 2574 Franclrek
850 2512 955 2595 primo
967 2512 1081 2574 citatus
1090 2531 1156 2573 non
1168 2513 1357 2594 comparuit.

197 2634 277 2698 ltem
300 2639 396 2698 Anna
420 2635 536 2697 mulier
560 2648 674 2698 octavo
698 2635 751 2697 die
777 2655 833 2718 per
858 2635 1065 2718 Stephaniam
1090 2649 1120 2698 et
1144 2636 1276 2698 Luciam
1292 2650 1357 2699 ate·

88 2741 185 2804 stabit
211 2753 322 2803 contra
346 2739 455 2803 Mathe
479 2739 567 2822 quod
591 2742 695 2821 ipsam
723 2760 779 2803 sua
804 2760 885 2802 uxor
908 2741 1133 2805 verberaverit.

196 2847 276 2910 ltem
300 2844 446 2908 Francha
469 2845 556 2909 filius
579 2844 703 2908 Nicolai
732 2859 846 2909 octavo
879 2847 931 2908 die
955 2866 1011 2929 per
1035 2848 1113 2909 Pasa
1138 2861 1169 2909 et
1193 2847 1357 2910 Thomam

89 2952 291 3017 aurifabrum
320 2953 468 3015 atestabit
496 2972 592 3035 super
623 2972 673 3032 eo,
706 2953 795 3034 quod
826 2954 893 3036 ipse
919 2953 1076 3035 Gregorio
1100 2952 1262 3016 aurifabro
1293 2967 1357 3016 tres

88 3079 214 3123 marcas
238 3058 444 3122 denariorum
469 3059 601 3121 nomine
625 3059 729 3120 mutui
753 3059 985 3123 acomodasset.

194 3183 274 3244 ltem
309 3202 404 3246 causa
427 3182 534 3245 Deseu
566 3181 605 3243 de
638 3183 786 3245 Zanabor
816 3196 847 3245 et
878 3184 968 3244 Hans
999 3196 1045 3245 est
1075 3202 1132 3265 per
1163 3182 1285 3264 judices
1315 3183 1355 3244 ad

87 3302 163 3352 octo
188 3288 258 3350 dies
281 3302 463 3371 prorogata,
495 3308 593 3371 quam
625 3307 753 3350 causam
786 3308 841 3371 per
865 3287 1020 3371 Gyurgek
1043 3304 1074 3352 et
1097 3288 1240 3351 Francha
1271 3289 1355 3351 auri·

86 3394 218 3458 fabrum
242 3396 453 3477 comprobare
479 3407 586 3477 presto
609 3407 676 3457 erat
699 3408 868 3478 promptus
891 3409 922 3456 et
946 3407 1083 3477 paratus.

196 3501 275 3564 ltem
300 3520 395 3563 causa
420 3500 574 3584 Gyurgek
598 3515 629 3563 et
652 3498 781 3567 Nicolai
806 3514 852 3563 est
883 3521 940 3584 per
962 3500 1083 3583 judices
1117 3499 1157 3562 ad
1190 3512 1263 3562 octo
1287 3499 1355 3562 dies

87 3621 264 3690 prorogata
289 3608 417 3671 racione
440 3609 602 3670 bonorum
625 3621 656 3669 et
678 3626 786 3671 rerum
812 3607 950 3670 Stroaak.

195 3732 274 3793 Item
298 3731 460 3794 lanslinus
491 3730 715 3793 balneatoria
752 3730 924 3812 quindenis
949 3730 1091 3813 Georgio
1124 3731 1203 3794 duas
1233 3751 1356 3794 marcas

85 3838 298 3900 denariorum
312 3850 343 3900 et
358 3836 456 3918 judici
471 3856 569 3899 unam
582 3856 723 3899 marcam
737 3837 879 3899 exsolvet
891 3852 1022 3920 propter
1035 3836 1174 3919 quedam
1187 3838 1354 3920 vituperia.

194 3944 273 4006 ltem
297 3942 481 4007 Alexander
504 3940 583 4005 feria
599 3956 686 4005 sexta
703 3941 819 4022 jurabit
843 3956 951 4005 contra
968 3942 1053 4005 filios
1076 3942 1202 4006 Crisani
1225 3943 1354 4005 racione

85 4050 256 4114 cuiusdam
281 4048 438 4128 clamidis,
455 4063 486 4112 et
509 4068 603 4131 super
620 4068 685 4129 quo
699 4047 816 4129 jurabit
835 4048 867 4110 in
884 4048 1067 4131 quindenis,
1083 4049 1143 4110 sibi
1160 4049 1353 4131 persolvent.

194 4156 274 4218 ltem
299 4154 461 4219 lohannes
477 4155 652 4238 pelliparus
668 4168 777 4217 contra
803 4155 962 4218 Briccium
991 4157 1133 4217 secundo
1158 4156 1271 4218 citatus
1288 4174 1353 4216 non

83 4263 279 4346 comparuit.

194 4370 273 4431 ltem
298 4370 411 4431 Marko
427 4367 513 4431 filius
530 4367 651 4431 Gemez
668 4366 808 4449 iudicem
829 4380 861 4428 et
877 4365 999 4449 juratos
1016 4380 1047 4429 et
1062 4387 1234 4450 preconem
1252 4386 1353 4449 usque

83 4489 161 4540 octo
186 4474 256 4538 dies
280 4475 375 4536 debet
399 4474 609 4556 complacare,
634 4474 779 4555 alioquin
800 4472 957 4555 justiciam
983 4471 1136 4535 faciemus
1160 4473 1199 4534 de
1225 4472 1351 4535 eodem.

194 4582 274 4645 Item
298 4583 406 4644 Mallia
430 4595 545 4643 octavo
570 4581 621 4642 die
644 4580 816 4642 duodecim
840 4580 986 4662 personis
1009 4580 1069 4642 sibi
1093 4580 1252 4642 similibus
1270 4581 1353 4662 jura-

80 4701 232 4753 mentum
264 4688 426 4770 deponere
459 4687 556 4750 debet
584 4707 754 4770 supereo,
787 4686 874 4767 quod
900 4687 967 4768 ipsa
1000 4685 1162 4767 quendam
1187 4686 1352 4768 pellicium

81 4794 218 4860 cuidam
242 4793 371 4856 mulieri
396 4813 452 4856 sue
476 4793 592 4856 ancille
616 4812 682 4854 non
707 4792 856 4853 dedisset.
