3404 5362
585 328 788 409 Anno1384.
813 365 857 375 -
877 346 911 407 9.
935 333 1095 393 decembris.
1416 352 1477 413 225

321 545 400 608 Item
424 563 519 606 causa
550 543 719 606 Michaelis
751 542 808 606 hlii
833 543 984 605 Damiani
1016 555 1126 605 contra
1154 542 1332 625 Georgium
1355 546 1480 608 stachu-

215 652 341 714 narium
367 650 407 713 ad
431 665 582 712 octavum
605 651 691 712 diem
716 663 763 713 est
787 661 967 732 prorogata.

322 758 400 820 Item
426 757 594 840 Philippus
622 754 707 820 IiIius
734 756 852 818 Wiach
885 770 994 818 contra
1019 755 1197 820 Iohannem
1230 760 1335 842 primo
1366 761 1480 824 citatus

212 885 277 928 non
304 865 494 947 comparuit.

319 972 398 1034 Item
423 969 591 1032 Emericus
614 989 748 1052 arcupar
770 969 869 1031 tercio
894 989 926 1030 se
950 990 1044 1052 super
1070 990 1108 1033 eo
1133 984 1247 1033 octavo
1271 971 1323 1034 die
1348 972 1476 1053 jurabit,

214 1076 302 1160 quod
328 1078 396 1159 ipse
420 1077 452 1138 iu
477 1076 620 1158 quodam
644 1074 729 1139 iacto
750 1076 948 1158 potenciario
973 1091 1082 1139 contra
1108 1076 1220 1140 Raden
1245 1092 1336 1142 esset.

321 1182 401 1245 Item
418 1182 527 1244 Mathe
542 1180 690 1264 gladipar
706 1182 848 1243 secundo
872 1201 904 1242 se
922 1194 1037 1244 octavo
1061 1182 1113 1245 die
1130 1183 1162 1244 In
1180 1203 1219 1244 eo
1243 1182 1370 1264 jurabit,
1387 1185 1477 1267 quod

214 1289 280 1371 ipse
305 1288 491 1370 Jurglinum
515 1288 699 1371 piliatorem
724 1307 789 1350 non
814 1289 1033 1369 vituperasset,
1059 1309 1117 1350 nec
1141 1289 1264 1372 lapides
1288 1290 1320 1351 in
1345 1291 1479 1354 domum

215 1414 301 1457 suam
327 1395 361 1456 in
387 1394 602 1477 preiudicium
625 1413 721 1456 suurn
746 1394 892 1472 misisset,
916 1395 976 1455 nisi
1000 1414 1096 1476 super
1120 1416 1243 1459 canem.

317 1500 397 1563 Item
416 1500 615 1582 Dragozlaus
636 1514 746 1561 contra
771 1500 972 1561 Anthonium
990 1499 1129 1581 juratum
1154 1503 1259 1585 primo
1276 1502 1389 1565 citatus
1413 1523 1478 1566 non

216 1607 403 1689 comparuit.

315 1712 395 1774 Item
420 1711 583 1774 iohannes
606 1711 790 1794 Iucifigulus
814 1724 924 1774 contra
950 1714 1092 1776 Marcum
1117 1714 1259 1776 secundo
1276 1716 1390 1778 citatus
1413 1738 1477 1779 non

217 1818 402 1900 comparuit.

451 2035 547 2109 Feria
576 2047 673 2109 sexta
703 2048 779 2127 post
807 2039 930 2110 festum
959 2042 1068 2110 sancti
1099 2040 1237 2112 Nicolai.
1297 2000 1301 2007 .

723 2193 772 2270 (9.
795 2192 966 2267 decembris).

319 2329 398 2391 Item
417 2349 510 2392 causa
537 2331 626 2392 Pauli
644 2332 760 2394 sutoris
777 2346 886 2394 contra
907 2332 1088 2395 Iohannem
1105 2347 1245 2396 sutorem
1264 2335 1303 2396 ad
1329 2350 1477 2398 octavum

216 2434 297 2498 diem
324 2434 365 2498 ad
390 2455 501 2518 pacem
527 2450 573 2497 est
599 2452 736 2519 recepta.

316 2542 396 2604 Item
427 2556 522 2605 testes
554 2542 702 2625 Gregorii
736 2558 846 2606 contra
878 2544 1058 2607 Iohannem
1084 2565 1211 2608 causam
1244 2545 1284 2608 ad
1317 2546 1476 2610 delibera·

217 2650 339 2713 cionem
364 2663 562 2732 receperunt.

319 2757 398 2818 Item
423 2756 588 2818 Renaldus
612 2755 757 2820 Gallicus
780 2772 881 2819 sartor
905 2777 961 2839 per
992 2771 1087 2819 testes
1107 2755 1251 2820 efficaces
1274 2759 1307 2821 id
1331 2779 1478 2843 compro·

217 2863 312 2943 bavit,
337 2863 425 2945 quod
458 2864 569 2925 decem
595 2863 700 2946 pelvia
725 2877 757 2924 et
788 2863 972 2944 quindecIm
1007 2862 1105 2941 frene,
1138 2863 1178 2926 de
1210 2865 1327 2946 quibus
1352 2865 1477 2929 Golbaz

216 2969 417 3033 Teutunicus
440 2969 619 3051 effugisset,
645 2969 744 3051 Ipsius
767 2969 905 3031 Renaldi
934 2968 1081 3048 fuerunt,
1106 2969 1167 3031 hoc
1192 2969 1363 3051 declarato,
1387 2971 1477 3054 quod

214 3077 235 3139 si
267 3077 431 3161 predictus
455 3076 581 3139 Golbaz
615 3095 717 3158 usque
747 3076 832 3137 diem
865 3075 1064 3158 carnisprivii
1096 3089 1272 3158 reportaret
1307 3089 1338 3139 et
1370 3077 1476 3139 eidem

216 3184 359 3248 Renaldo
384 3184 468 3246 dicet
490 3182 614 3265 aliquid
637 3182 837 3265 persolvisse,
864 3196 940 3244 tunc
957 3181 1126 3265 Gyaninus
1150 3183 1220 3244 Bon
1237 3202 1296 3264 pro
1321 3182 1391 3264 ipso
1416 3183 1478 3246 Re·

215 3290 309 3354 naldo
333 3309 393 3373 pro
417 3289 531 3370 viginti
556 3288 625 3351 flor.
639 3288 708 3350 auri
732 3302 778 3350 est
794 3287 962 3350 fideiussor
987 3306 1088 3368 usque
1112 3302 1237 3370 tempus
1261 3300 1477 3370 prenotatam.

317 3397 396 3459 Item
422 3395 603 3478 Stephanus
635 3407 723 3457 sutor
755 3408 864 3456 eontra
897 3393 1104 3476 Dragonyam
1136 3393 1240 3476 primo
1265 3393 1379 3456 citatus
1412 3414 1478 3457 non

215 3503 403 3587 comparuit.

316 3609 395 3671 Item
406 3608 603 3689 Dragozlaus
616 3621 725 3668 contra
739 3605 940 3667 Anthonium
954 3605 1052 3667 Renis
1065 3621 1179 3668 octavo
1193 3606 1244 3668 dIe
1258 3604 1478 3688 respondebit.

318 3714 397 3777 Item
422 3715 506 3776 Rees
529 3731 602 3774 cunt
628 3712 791 3775 Peterlino
815 3731 916 3793 usque
934 3724 1083 3773 octavum
1107 3713 1194 3774 diem
1212 3712 1292 3774 inter
1317 3732 1350 3774 se
1374 3713 1476 3774 racio·

214 3841 284 3884 nem
310 3819 431 3883 debent
453 3818 568 3881 facere.

318 3928 397 3990 Item
429 3925 576 4010 Mychael
612 3939 714 3987 sartor
749 3938 859 3987 contra
896 3924 1094 4007 Stephanum
1128 3924 1231 4007 primo
1263 3924 1376 3985 citatus
1411 3942 1476 3984 non

214 4034 401 4118 comparuit.

318 4140 396 4202 Item
420 4158 515 4201 causa
532 4138 631 4200 Marci
657 4151 767 4200 contra
784 4137 944 4221 Ianecych
969 4137 1009 4198 ad
1026 4151 1175 4199 octavum
1198 4135 1284 4197 diem
1309 4135 1349 4196 ad
1366 4154 1478 4217 pacem

214 4259 258 4308 est
281 4259 420 4329 recepta.

317 4352 396 4414 Item
430 4350 591 4433 Georgius
622 4364 725 4413 sartor
754 4365 864 4414 contra
896 4349 1060 4412 Andream
1090 4348 1233 4412 secundo
1265 4347 1380 4408 citatus
1411 4364 1477 4407 non

214 4459 402 4543 comparuit.

317 4564 396 4627 Item
427 4584 521 4628 causa
552 4563 693 4646 Philippi
727 4576 837 4625 contra
869 4562 1048 4624 Iohannem
1078 4560 1118 4623 ad
1150 4575 1300 4624 octavum
1325 4557 1411 4620 diem
1438 4556 1479 4618 ad

213 4689 323 4753 pacem
348 4685 394 4734 est
417 4685 555 4753 recepta.

316 4777 395 4840 Item
420 4778 574 4839 Nicolaus
597 4791 706 4839 contra
731 4775 839 4837 Endre
863 4775 969 4857 primo
994 4774 1107 4836 citatus
1130 4791 1195 4835 non
1220 4771 1411 4855 comparuit.

1337 4881 1371 4941 ¹5
