3404 5362
386 378 443 437 142
773 359 860 416 Anno
882 354 974 436 1378.
998 390 1043 402 —
1065 355 1097 419 ό.
1122 358 1250 431 augusti.

486 570 565 631 ltem
589 570 730 632 Brumen
755 584 866 633 contra
882 569 1092 633 Dominicum
1110 569 1215 652 primo
1240 569 1353 630 citatus
1373 587 1441 629 non
1459 569 1648 651 comparuit.

487 676 565 738 Item
591 675 713 738 Mathia
736 690 825 738 sutor
856 689 967 739 contra
993 675 1184 737 Merclinum
1213 688 1328 736 octavo
1353 673 1406 736 die
1431 675 1649 757 respondebit.

487 782 566 844 Item
598 781 761 843 Johannes
794 780 911 844 Lieber
941 794 1051 844 contra
1083 779 1259 843 Renarium
1291 780 1397 862 primo
1436 781 1553 843 citatus
1586 800 1649 843 non

380 888 571 969 comparuit.

486 995 563 1058 Item
589 1014 683 1057 causa
702 994 872 1056 Laurencii
890 1007 922 1057 et
938 993 1029 1056 Hane
1053 1006 1099 1055 est
1123 1012 1180 1074 ρετ
1196 992 1390 1055 Mauricium
1413 1006 1445 1054 et
1470 991 1651 1074 Georgium

380 1113 534 1162 sartorem
558 1101 698 1162 edocto
723 1099 791 1160 diea
815 1112 942 1181 recepta
966 1098 1007 1160 ad
1028 1117 1151 1181 pacem.

486 1207 564 1268 ltem
590 1225 683 1268 cauea
709 1205 864 1287 Stephani
888 1202 946 1268 filii
963 1203 1097 1287 Cbopor
1121 1217 1152 1266 et
1169 1204 1295 1266 Nicolai
1319 1201 1377 1265 filii
1401 1202 1579 1266 Alexandri
1607 1215 1652 1265 eat

380 1331 437 1396 per
461 1313 728 1375 communitatem
753 1311 793 1373 ad
822 1310 1002 1392 quindenae
1032 1323 1204 1393 prorogata
1233 1312 1276 1372 ob
1308 1310 1466 1371 maiorem
1489 1310 1536 1371 rei
1561 1309 1651 1370 certi·

379 1420 538 1482 tudinem.

471 1525 564 1588 ¹Item
589 1545 683 1587 causa
708 1523 887 1587 Clementia
910 1536 942 1586 et
967 1521 1099 1605 Georgii
1123 1536 1235 1584 contra
1251 1522 1418 1583 Vrbanum
1444 1534 1475 1583 et
1499 1519 1649 1602 Zitarych

380 1645 427 1694 est
451 1651 508 1713 per
532 1631 706 1693 Matenum
729 1629 771 1692 ad
794 1644 869 1692 octo
892 1629 961 1692 dieu
984 1642 1110 1712 recepta
1135 1628 1175 1691 ad
1199 1647 1322 1712 pacem.

489 1737 568 1798 Item
593 1756 687 1798 cauea
713 1735 870 1817 Orgouan
895 1749 926 1797 et
943 1733 1123 1797 Clementia
1146 1748 1193 1796 eat
1216 1748 1288 1817 poat
1311 1733 1487 1796 adventum
1514 1731 1651 1815 Mykech

380 1844 535 1906 institoris
559 1843 597 1904 de
621 1843 755 1905 Petouia
779 1842 819 1904 ad
844 1842 985 1924 primum
1010 1840 1165 1922 judicium
1189 1854 1370 1923 prorogata.

488 1949 566 2010 Item
591 1968 685 2010 causa
708 1948 784 2011 Iuan
809 1962 840 2009 et
864 1946 1062 2010 Wlkouiche
1084 1961 1133 2008 eet
1156 1966 1213 2029 per
1235 1959 1331 2008 testea
1354 1945 1395 2007 ad
1419 1959 1495 2008 octo
1520 1944 1589 2006 dies
1604 1963 1650 2006 re·

381 2070 473 2138 cepta
498 2055 538 2116 ad
563 2074 686 2137 pacem.

488 2161 567 2224 Item
592 2181 686 2224 cauta
711 2160 795 2223 Petri
828 2174 860 2223 et
890 2159 1029 2221 Emerici
1062 2173 1109 2221 est
1136 2179 1193 2242 per
1225 2159 1315 2220 Mark
1340 2156 1381 2218 ad
1404 2170 1479 2218 octo
1503 2157 1574 2218 dies
1604 2175 1650 2217 τε·

314 2334 319 2342 ,
382 2283 473 2352 cepta
498 2269 538 2330 ad
562 2286 685 2350 pacem.

487 2374 565 2436 Item
591 2374 728 2436 Martink
759 2386 869 2435 contra
893 2370 1107 2434 Benedictum
1138 2385 1280 2433 sutorem
1300 2370 1406 2452 primo
1435 2368 1553 2430 citatus
1586 2386 1649 2429 non

382 2494 572 2562 comparuit.

488 2586 566 2647 Item
591 2605 685 2648 causa
710 2584 865 2647 Johannia
888 2583 1028 2647 Vardicb
1062 2594 1108 2646 eet
1139 2602 1196 2665 ρετ
1220 2582 1359 2663 judicem
1391 2595 1524 2664 propter
1557 2600 1648 2643 suam

382 2691 575 2753 arduitatem
599 2691 640 2752 ad
665 2705 738 2753 octo
763 2691 832 2752 dies
854 2702 938 2754 atatu
962 2690 995 2753 in
1020 2689 1135 2753 eodem
1159 2702 1341 2773 prorogata.

488 2796 566 2859 Item
599 2816 693 2858 cauta
724 2796 879 2858 Johannia
902 2797 1019 2858 Lieber
1047 2810 1079 2858 et
1096 2794 1242 2858 Mauricii
1275 2809 1322 2857 eat
1352 2813 1409 2877 ρετ
1433 2795 1652 2857 Laurencium

384 2902 547 2966 Gallicum
572 2903 612 2964 ad
637 2917 710 2965 octo
735 2903 803 2965 dies
826 2916 953 2985 recepta
975 2902 1017 2964 ad
1040 2921 1163 2985 pacem.

489 3008 567 3071 Item
593 3008 662 3070 Kus
686 3009 726 3072 de
750 3009 903 3072 Pobreeia
918 3023 1029 3072 contra
1054 3009 1160 3071 Eliam
1181 3007 1312 3090 vigilem
1329 3007 1435 3090 primo
1459 3007 1561 3070 ciatua
1585 3026 1652 3069 non

380 3115 571 3198 comparuit.

487 3221 567 3283 Item
584 3221 726 3283 Brumen
744 3219 905 3283 aurifaber
921 3220 1017 3283 debet
1040 3220 1250 3283 Dominicum
1267 3220 1364 3282 citare
1380 3238 1432 3299 eo,
1455 3219 1546 3300 quod
1563 3219 1651 3283 idem

380 3326 572 3389 Dominicua
594 3325 635 3388 ad
652 3326 841 3389 mandatum
865 3325 981 3409 judicis
996 3346 1062 3389 non
1087 3325 1267 3409 comparuit
1283 3340 1315 3388 et
1338 3323 1456 3389 falaum
1474 3325 1651 3389 terminum

379 3433 477 3495 astitit
498 3447 607 3495 contra
633 3433 773 3495 eundem
798 3434 939 3495 Brumen
967 3431 1178 3499 aurifabrum.

486 3539 564 3602 Item
589 3539 704 3602 ancilla
729 3539 800 3600 Elie
824 3537 977 3602 aurifabri
1007 3553 1122 3602 octavo
1154 3539 1206 3601 die
1229 3558 1285 3622 per
1309 3537 1507 3601 Mafnicham
1533 3552 1565 3601 et
1590 3539 1650 3601 La·

380 3644 473 3707 dialai
498 3665 631 3709 uxorem
646 3646 793 3707 ateetabit
809 3664 905 3727 cuper
921 3664 972 3724 eo,
990 3645 1079 3726 quod
1099 3645 1266 3727 quoddam
1282 3659 1454 3727 argentum
1478 3663 1536 3726 per
1560 3664 1650 3707 man·

379 3751 490 3813 datum
515 3751 615 3832 ipsius
639 3750 710 3812 Elia
735 3750 862 3831 pignori
887 3750 1072 3832 obligasset.

488 3856 566 3919 ftern
590 3877 684 3918 cauea
709 3856 885 3940 Mychaelia
908 3870 940 3919 et
963 3856 1054 3919 Hans
1076 3870 1124 3918 eet
1148 3876 1203 3939 per
1226 3870 1323 3918 testes
1350 3856 1391 3918 ad
1415 3870 1489 3919 octo
1515 3856 1586 3920 dies
1601 3877 1650 3919 τε·

380 3977 471 4045 cepta
495 3963 536 4025 ad
557 3982 680 4045 pacem.

486 4069 563 4131 Item
589 4069 680 4131 Jelka
703 4088 760 4151 per
783 4073 912 4132 Annam
929 4069 1082 4152 puellam,
1106 4069 1252 4131 Blasium
1268 4070 1504 4133 mercenarium
1522 4068 1647 4150 Jacobs,

382 4195 515 4238 uxorem
540 4176 665 4259 angeli,
695 4176 842 4254 Efenam‚
866 4176 1002 4238 luanum
1026 4174 1247 4238 Chidaucbich
1271 4189 1386 4238 octavo
1411 4175 1463 4239 die
1489 4175 1649 4258 (testimo-

382 4283 474 4344 nium
498 4281 676 4365 producet).

488 4388 566 4450 Item
591 4387 759 4451 Ladialaua
788 4408 843 4469 per
875 4386 1054 4470 Georgium
1085 4388 1272 4468 Mikoucbe,
1304 4387 1485 4469 Georgium
1507 4388 1650 4467 ziroue,

380 4492 486 4554 Eliam
511 4493 720 4572 aurifabrum,
753 4494 932 4576 Georgium
961 4514 1118 4577 generum
1149 4494 1357 4573 Wlkouiche,
1390 4494 1522 4556 Petrum
1546 4494 1650 4558 carni·

379 4596 484 4676 ficem,
509 4599 737 4681 Dragozlaum‚
762 4601 943 4663 Johannem
959 4599 1089 4664 fratrem
1114 4601 1210 4680 Petri,
1235 4620 1370 4664 uxorem
1394 4600 1573 4679 Bartuchii,
1589 4600 1649 4664 Be-

380 4704 545 4767 nedictum
569 4705 761 4785 carnificem,
787 4707 924 4769 Paulum
948 4706 1090 4787 Punech,
1114 4707 1274 4770 Janchech
1299 4705 1498 4769 aurifabrum
1522 4721 1554 4770 et
1570 4726 1648 4770 uxo·

381 4830 448 4872 rem
473 4811 542 4874 eius
566 4812 800 4893 (testimonium
823 4811 1001 4895 producet).
