3404 5362
217 370 275 432 ¹72
611 353 698 409 Anno
722 348 813 427 1382.
840 385 879 395 -
903 363 955 424 29.
980 351 1093 423 aprilis.

213 456 399 464 ——--—-.
421 456 476 462 ...-.—
1376 453 1470 460 -—

318 562 397 623 Item
421 581 515 622 causa
547 562 704 622 consortis
736 560 884 642 Gregorii
919 560 977 622 filii
1002 559 1157 621 Iohannis
1188 573 1301 621 contra
1339 559 1474 621 relictam

213 667 378 729 Thomam
403 669 442 728 ad
467 683 617 729 octavum
642 667 728 727 diem
753 667 793 727 ad
818 686 929 748 pacem
954 680 1002 727 est
1025 680 1162 746 recepta.

318 773 396 835 Item
421 773 584 835 Iohannes
601 772 818 834 chhkouich
836 787 946 834 contra
966 772 1168 855 Mychaelem
1185 770 1476 859 molendinatorem

212 878 319 960 prImo
343 880 457 940 citatus
481 898 546 940 non
571 879 761 959 comparuit.

319 983 398 1045 Item
422 1004 516 1045 causa
545 985 643 1045 Blasii
675 983 827 1045 aurifabri
859 998 969 1047 contra
1002 984 1182 1046 Iohannem
1215 997 1247 1044 et
1279 981 1480 1065 Mychaelem

213 1087 351 1150 filiolum
375 1110 468 1151 suum
494 1090 533 1151 ad
558 1105 708 1152 octavum
733 1089 819 1150 diem
844 1090 884 1151 ad
909 1110 1020 1172 pacem
1045 1105 1092 1152 est
1115 1103 1254 1171 recepta.

321 1196 398 1259 Item
423 1217 517 1258 causa
543 1197 672 1258 MartIni
698 1197 845 1277 Hungari
867 1211 978 1259 contra
1002 1197 1133 1258 Petrum
1155 1196 1195 1257 ad
1220 1207 1372 1257 octavum
1399 1194 1482 1255 diem

215 1300 255 1361 ad
279 1321 392 1382 pacem
417 1316 464 1364 est
488 1317 625 1384 recepta.

320 1409 398 1469 Item
423 1408 518 1471 Malia
541 1423 651 1470 contra
669 1409 813 1470 Marcum
829 1407 932 1471 filium
951 1409 1101 1471 Damiani
1118 1407 1259 1469 secundo
1284 1408 1400 1470 citatus
1419 1426 1482 1468 non

214 1516 405 1596 comparuit.

320 1620 399 1683 Item
424 1641 518 1682 causa
542 1620 703 1683 lanchech
729 1636 838 1683 contra
864 1620 973 1682 Lachk
997 1620 1164 1704 Borchych
1196 1634 1243 1681 est
1266 1620 1308 1681 ad
1333 1633 1482 1681 octavum

215 1728 301 1788 diem
328 1726 368 1787 ad
393 1747 504 1809 pacem
526 1741 665 1809 recepta.

321 1833 400 1894 Item
425 1853 518 1894 causa
544 1833 683 1894 Cristani
713 1847 823 1894 contra
855 1833 1038 1916 Mykliuum
1072 1832 1112 1893 ad
1144 1844 1296 1893 octavum
1321 1830 1409 1891 diem
1441 1829 1479 1890 ad

215 1958 326 2022 pacem
351 1954 398 2000 est
421 1954 557 2021 recepta.

321 2046 399 2107 Item
424 2066 517 2107 causa
551 2046 633 2107 Petri
665 2059 776 2109 contra
807 2045 1042 2127 Margaretham
1075 2045 1115 2105 ad
1148 2058 1298 2106 octavum
1330 2043 1418 2105 diem
1441 2040 1481 2103 ad

215 2172 328 2236 pacem
353 2167 400 2213 est
424 2167 561 2234 recepta.

325 2259 403 2321 Item
421 2279 514 2320 causa
540 2260 653 2321 KorIat
677 2273 786 2320 contra
800 2259 885 2319 Iwan
904 2259 943 2319 ad
969 2272 1119 2319 octavum
1140 2257 1226 2317 diem
1243 2256 1283 2317 ad
1300 2275 1414 2339 pacem
1438 2269 1483 2316 est

218 2380 355 2447 recepta.

323 2472 401 2533 Item
425 2473 534 2533 Paulis
564 2486 653 2533 sutor
677 2491 733 2553 per
758 2471 929 2532 Nicolaum
956 2470 1159 2552 Lipouschak
1195 2481 1226 2530 et
1251 2468 1392 2529 Iwanam
1430 2487 1482 2549 pe·

217 2577 370 2638 nesticam
407 2592 520 2639 octavo
555 2578 607 2638 die
643 2577 703 2639 hoc
735 2578 896 2655 atestabit,
922 2576 1010 2658 quod
1043 2590 1224 2637 consortem
1257 2593 1349 2635 suam
1374 2574 1484 2636 Petrus

217 2680 357 2742 carnifex
381 2684 580 2764 percusserit.

325 2787 403 2849 Item
431 2788 515 2849 idem
544 2789 654 2849 Petrus
678 2804 792 2870 octavo
810 2789 861 2849 die
878 2788 939 2850 hoc
956 2787 1113 2865 atestabit,
1137 2785 1226 2867 quod
1244 2805 1376 2847 consors
1394 2785 1484 2847 Pauli

219 2894 357 2957 amilicis
392 2915 508 2956 carnes
532 2914 605 2955 suas
629 2896 851 2976 potencialiter
875 2894 1055 2976 recepisset,
1080 2913 1136 2974 per
1150 2893 1276 2974 Mykus‚
1302 2891 1484 2952 Iohannem

218 3016 249 3063 et
277 3001 459 3082 Cyganum.

323 3106 403 3168 Item
427 3107 580 3169 Clemens
611 3121 720 3167 contra
753 3106 890 3167 Paulum
922 3106 1077 3186 pictorem
1106 3104 1249 3165 secundo
1280 3103 1397 3164 citatus
1421 3123 1486 3165 non

218 3214 407 3294 comparuit.

325 3320 403 3381 Item
428 3339 521 3380 causa
549 3319 667 3381 Mathie
692 3320 785 3400 jurati
816 3331 926 3380 contra
951 3317 1117 3378 custodem
1142 3315 1182 3376 ad
1215 3327 1365 3376 octavum
1399 3314 1488 3377 diem

218 3426 257 3486 ad
283 3445 395 3506 pacem
421 3440 467 3487 est
492 3442 627 3508 recepta.

325 3532 402 3593 Item
416 3533 567 3594 Marenus
583 3532 721 3614 lapicida
738 3545 847 3593 contra
861 3531 946 3591 Iwan
960 3529 1064 3611 prImo
1079 3529 1192 3591 citatus
1208 3548 1273 3590 non
1292 3530 1488 3610 comparuit.

326 3639 403 3699 Item
428 3658 520 3699 causa
546 3638 637 3699 Pauli
665 3652 774 3699 contra
807 3638 950 3698 Marcum
983 3633 1086 3695 filium
1111 3633 1234 3697 Gemez
1265 3635 1305 3695 ad
1329 3649 1484 3697 octavum

220 3745 304 3805 diem
331 3745 370 3805 ad
396 3764 508 3826 pacem
534 3758 579 3805 est
608 3759 743 3826 recepta.

326 3849 403 3909 Item
430 3848 590 3930 Georgius
614 3864 728 3910 octavo
753 3848 804 3909 die
829 3868 886 3930 per
910 3847 1003 3908 Iuech
1032 3863 1185 3908 sutorem.

326 3957 403 4017 Item
429 3956 598 4037 Philippus
630 3955 748 4036 figulus
779 3969 888 4017 contra
918 3953 1075 4014 Janchech
1108 3953 1250 4015 secundo
1282 3953 1396 4015 citatus
1422 3973 1489 4016 non

219 4062 410 4144 mmmmm

326 4168 404 4229 Item
421 4167 590 4248 PhiIIppus
613 4166 730 4248 figulus
755 4181 864 4228 contra
889 4167 955 4226 Juri
989 4165 1131 4227 secundo
1163 4166 1277 4227 citatus
1308 4184 1374 4226 non
1400 4185 1490 4226 com·

222 4274 337 4356 paruit.

325 4379 402 4440 Item
428 4378 587 4439 Wrouich
612 4392 720 4440 contra
740 4379 844 4439 Iachk
871 4378 1038 4460 Borchych
1055 4378 1160 4459 prImo
1177 4377 1290 4438 citatus
1307 4395 1373 4437 non
1398 4395 1488 4438 com·

220 4486 335 4568 paruit.

326 4590 406 4652 Item
439 4591 577 4652 lacobus
608 4590 693 4653 filius
724 4590 812 4651 Puch
845 4590 974 4671 jobagio
1007 4589 1115 4650 relicte
1148 4588 1285 4649 condam
1319 4587 1403 4648 Petri
1430 4586 1488 4649 filii

221 4698 350 4760 MartIni
376 4697 570 4760 duodecImo
595 4718 628 4760 se
652 4697 838 4759 hominibus
855 4710 969 4758 octavo
995 4695 1046 4757 dIe
1070 4715 1221 4777 supereo
1245 4693 1373 4775 jurabit,
1398 4695 1489 4775 quod

222 4805 253 4865 in
271 4805 413 4884 quodam
430 4802 603 4882 lurticinio,
621 4804 652 4865 in
676 4821 742 4884 quo
765 4823 820 4884 per
837 4800 994 4883 Delasych
1012 4801 1246 4883 inculpabatur,
1264 4801 1420 4862 innocens
1438 4801 1489 4862 sit.
