<?xml version="1.0" encoding="UTF-8"?>
<!DOCTYPE html PUBLIC "-//W3C//DTD XHTML 1.0 Transitional//EN"
    "http://www.w3.org/TR/xhtml1/DTD/xhtml1-transitional.dtd">
<html xmlns="http://www.w3.org/1999/xhtml" xml:lang="en" lang="en">
 <head>
  <title>
</title>
<meta http-equiv="Content-Type" content="text/html;charset=utf-8" />
  <meta name='ocr-system' content='tesseract 3.04.00' />
  <meta name='ocr-capabilities' content='ocr_page ocr_carea ocr_par ocr_line ocrx_word'/>
</head>
<body>
  <div class='ocr_page' id='page_1' title='image "./monumentahistor04laszgoog/monumentahistor04laszgoog_0228.png"; bbox 0 0 3404 5362; ppageno 0'>
   <div class='ocr_carea' id='block_1_1' title="bbox 96 356 1387 4159">
    <p class='ocr_par' dir='ltr' id='par_1_1' title="bbox 524 356 982 436">
     <span class='ocr_line' id='line_1_1' title="bbox 524 356 982 436; baseline 0.007 -20"><span class='ocrx_word' id='word_1_1' title='bbox 524 361 612 417; x_wconf 84' lang='lat' dir='ltr'>Anno</span> <span class='ocrx_word' id='word_1_2' title='bbox 635 356 729 435; x_wconf 72' lang='lat'><em>1382.</em></span> <span class='ocrx_word' id='word_1_3' title='bbox 754 393 795 404; x_wconf 90' lang='lat'>-</span> <span class='ocrx_word' id='word_1_4' title='bbox 819 373 870 419; x_wconf 89' lang='lat'>20.</span> <span class='ocrx_word' id='word_1_5' title='bbox 887 357 982 436; x_wconf 76' lang='lat' dir='ltr'>Jicnii.</span> 
     </span>
    </p>

    <p class='ocr_par' dir='ltr' id='par_1_2' title="bbox 96 569 1387 757">
     <span class='ocr_line' id='line_1_2' title="bbox 226 569 1387 652; baseline -0.002 -20"><span class='ocrx_word' id='word_1_6' title='bbox 226 571 304 632; x_wconf 85' lang='lat' dir='ltr'>item</span> <span class='ocrx_word' id='word_1_7' title='bbox 329 589 423 631; x_wconf 89' lang='lat' dir='ltr'>causa</span> <span class='ocrx_word' id='word_1_8' title='bbox 446 569 536 630; x_wconf 88' lang='lat' dir='ltr'>Pauli</span> <span class='ocrx_word' id='word_1_9' title='bbox 560 569 691 652; x_wconf 88' lang='lat' dir='ltr'>pictoris</span> <span class='ocrx_word' id='word_1_10' title='bbox 715 583 825 631; x_wconf 89' lang='lat' dir='ltr'>contra</span> <span class='ocrx_word' id='word_1_11' title='bbox 851 570 1020 631; x_wconf 87' lang='lat' dir='ltr'>mulierem</span> <span class='ocrx_word' id='word_1_12' title='bbox 1046 569 1245 631; x_wconf 88' lang='lat' dir='ltr'>Cernecnam</span> <span class='ocrx_word' id='word_1_13' title='bbox 1270 569 1310 630; x_wconf 92' lang='lat' dir='ltr'>ad</span> <span class='ocrx_word' id='word_1_14' title='bbox 1335 589 1387 631; x_wconf 92' lang='lat' dir='ltr'>oc-</span> 
     </span>
     <span class='ocr_line' id='line_1_3' title="bbox 96 676 774 757; baseline -0.003 -19"><span class='ocrx_word' id='word_1_15' title='bbox 96 690 230 738; x_wconf 87' lang='lat' dir='ltr'>tavum</span> <span class='ocrx_word' id='word_1_16' title='bbox 255 676 340 737; x_wconf 92' lang='lat' dir='ltr'>diem</span> <span class='ocrx_word' id='word_1_17' title='bbox 365 676 407 737; x_wconf 87' lang='lat' dir='ltr'>ad</span> <span class='ocrx_word' id='word_1_18' title='bbox 430 694 541 756; x_wconf 83' lang='lat' dir='ltr'>pacem</span> <span class='ocrx_word' id='word_1_19' title='bbox 568 688 615 738; x_wconf 82' lang='lat' dir='ltr'>est</span> <span class='ocrx_word' id='word_1_20' title='bbox 638 690 774 757; x_wconf 88' lang='lat' dir='ltr'>recepta.</span> 
     </span>
    </p>

    <p class='ocr_par' dir='ltr' id='par_1_3' title="bbox 100 780 1387 970">
     <span class='ocr_line' id='line_1_4' title="bbox 224 780 1387 851; baseline -0.001 -8"><span class='ocrx_word' id='word_1_21' title='bbox 224 782 303 844; x_wconf 91' lang='lat' dir='ltr'>Item</span> <span class='ocrx_word' id='word_1_22' title='bbox 327 801 422 843; x_wconf 90' lang='lat' dir='ltr'>causa</span> <span class='ocrx_word' id='word_1_23' title='bbox 455 781 532 843; x_wconf 92' lang='lat' dir='ltr'>dicti</span> <span class='ocrx_word' id='word_1_24' title='bbox 565 781 657 843; x_wconf 86' lang='lat' dir='ltr'>Pauli</span> <span class='ocrx_word' id='word_1_25' title='bbox 690 795 806 851; x_wconf 75' lang='lat' dir='ltr'>contra</span> <span class='ocrx_word' id='word_1_26' title='bbox 832 781 1012 843; x_wconf 90' lang='lat' dir='ltr'>Johannem</span> <span class='ocrx_word' id='word_1_27' title='bbox 1042 780 1144 842; x_wconf 87' lang='lat' dir='ltr'>filium</span> <span class='ocrx_word' id='word_1_28' title='bbox 1177 781 1323 843; x_wconf 89' lang='lat' dir='ltr'>Domkus</span> <span class='ocrx_word' id='word_1_29' title='bbox 1346 782 1387 843; x_wconf 88' lang='lat' dir='ltr'>ad</span> 
     </span>
     <span class='ocr_line' id='line_1_5' title="bbox 100 887 814 970; baseline -0.001 -18"><span class='ocrx_word' id='word_1_30' title='bbox 100 905 270 952; x_wconf 86' lang='lat' dir='ltr'>octavum</span> <span class='ocrx_word' id='word_1_31' title='bbox 295 889 381 950; x_wconf 91' lang='lat' dir='ltr'>diem</span> <span class='ocrx_word' id='word_1_32' title='bbox 407 887 447 949; x_wconf 90' lang='lat' dir='ltr'>ad</span> <span class='ocrx_word' id='word_1_33' title='bbox 470 907 583 970; x_wconf 87' lang='lat' dir='ltr'><strong>pacem</strong></span> <span class='ocrx_word' id='word_1_34' title='bbox 608 901 654 950; x_wconf 86' lang='lat' dir='ltr'>est</span> <span class='ocrx_word' id='word_1_35' title='bbox 678 902 814 970; x_wconf 89' lang='lat' dir='ltr'>recepta.</span> 
     </span>
    </p>

    <p class='ocr_par' dir='ltr' id='par_1_4' title="bbox 104 993 1387 1186">
     <span class='ocr_line' id='line_1_6' title="bbox 226 993 1387 1076; baseline 0 -20"><span class='ocrx_word' id='word_1_36' title='bbox 226 996 304 1058; x_wconf 87' lang='lat' dir='ltr'>item</span> <span class='ocrx_word' id='word_1_37' title='bbox 336 995 499 1056; x_wconf 85' lang='lat' dir='ltr'>Johanncs</span> <span class='ocrx_word' id='word_1_38' title='bbox 531 993 670 1056; x_wconf 87' lang='lat' dir='ltr'>Pezerch</span> <span class='ocrx_word' id='word_1_39' title='bbox 703 1009 733 1055; x_wconf 88' lang='lat' dir='ltr'>et</span> <span class='ocrx_word' id='word_1_40' title='bbox 765 994 925 1076; x_wconf 82' lang='lat' dir='ltr'>Georgius</span> <span class='ocrx_word' id='word_1_41' title='bbox 956 1008 1057 1055; x_wconf 83' lang='lat' dir='ltr'>sartor</span> <span class='ocrx_word' id='word_1_42' title='bbox 1088 1007 1198 1055; x_wconf 92' lang='lat' dir='ltr'>contra</span> <span class='ocrx_word' id='word_1_43' title='bbox 1232 994 1387 1057; x_wconf 89' lang='lat' dir='ltr'>Mathiam</span> 
     </span>
     <span class='ocr_line' id='line_1_7' title="bbox 104 1102 753 1186; baseline -0.006 -20"><span class='ocrx_word' id='word_1_44' title='bbox 104 1105 259 1186; x_wconf 87' lang='lat' dir='ltr'>juratum</span> <span class='ocrx_word' id='word_1_45' title='bbox 283 1117 398 1164; x_wconf 93' lang='lat' dir='ltr'>octavo</span> <span class='ocrx_word' id='word_1_46' title='bbox 423 1102 476 1163; x_wconf 93' lang='lat' dir='ltr'>die</span> <span class='ocrx_word' id='word_1_47' title='bbox 501 1102 753 1183; x_wconf 88' lang='lat' dir='ltr'>respondebunt.</span> 
     </span>
    </p>

    <p class='ocr_par' dir='ltr' id='par_1_5' title="bbox 106 1206 1386 1398">
     <span class='ocr_line' id='line_1_8' title="bbox 226 1206 1386 1271; baseline -0.001 -1"><span class='ocrx_word' id='word_1_48' title='bbox 226 1210 305 1271; x_wconf 90' lang='lat' dir='ltr'>Item</span> <span class='ocrx_word' id='word_1_49' title='bbox 330 1209 420 1270; x_wconf 86' lang='lat' dir='ltr'>Hans</span> <span class='ocrx_word' id='word_1_50' title='bbox 445 1206 524 1270; x_wconf 84' lang='lat' dir='ltr'>Scof</span> <span class='ocrx_word' id='word_1_51' title='bbox 545 1220 655 1269; x_wconf 91' lang='lat' dir='ltr'>contra</span> <span class='ocrx_word' id='word_1_52' title='bbox 681 1206 810 1268; x_wconf 89' lang='lat' dir='ltr'>Gerdak</span> <span class='ocrx_word' id='word_1_53' title='bbox 834 1226 997 1269; x_wconf 86' lang='lat' dir='ltr'>cursorem</span> <span class='ocrx_word' id='word_1_54' title='bbox 1033 1206 1176 1269; x_wconf 88' lang='lat' dir='ltr'>secundo</span> <span class='ocrx_word' id='word_1_55' title='bbox 1190 1207 1304 1269; x_wconf 92' lang='lat' dir='ltr'>citatus</span> <span class='ocrx_word' id='word_1_56' title='bbox 1320 1228 1386 1269; x_wconf 90' lang='lat' dir='ltr'>non</span> 
     </span>
     <span class='ocr_line' id='line_1_9' title="bbox 106 1316 311 1398; baseline -0.01 -20"><span class='ocrx_word' id='word_1_57' title='bbox 106 1316 311 1398; x_wconf 86' lang='lat' dir='ltr'>comparuit.</span> 
     </span>
    </p>

    <p class='ocr_par' dir='ltr' id='par_1_6' title="bbox 103 1419 1387 1609">
     <span class='ocr_line' id='line_1_10' title="bbox 226 1419 1387 1502; baseline 0 -20"><span class='ocrx_word' id='word_1_58' title='bbox 226 1423 304 1483; x_wconf 87' lang='lat' dir='ltr'>item</span> <span class='ocrx_word' id='word_1_59' title='bbox 329 1422 479 1483; x_wconf 88' lang='lat' dir='ltr'>Vrbanus</span> <span class='ocrx_word' id='word_1_60' title='bbox 501 1434 591 1482; x_wconf 92' lang='lat' dir='ltr'>sutor</span> <span class='ocrx_word' id='word_1_61' title='bbox 623 1433 732 1482; x_wconf 92' lang='lat' dir='ltr'>contra</span> <span class='ocrx_word' id='word_1_62' title='bbox 766 1419 960 1500; x_wconf 89' lang='lat' dir='ltr'>Gregorium</span> <span class='ocrx_word' id='word_1_63' title='bbox 994 1420 1111 1500; x_wconf 87' lang='lat' dir='ltr'>Angeli</span> <span class='ocrx_word' id='word_1_64' title='bbox 1144 1420 1249 1502; x_wconf 91' lang='lat' dir='ltr'>primo</span> <span class='ocrx_word' id='word_1_65' title='bbox 1274 1420 1387 1482; x_wconf 92' lang='lat' dir='ltr'>citatus</span> 
     </span>
     <span class='ocr_line' id='line_1_11' title="bbox 103 1528 398 1609; baseline -0.003 -19"><span class='ocrx_word' id='word_1_66' title='bbox 103 1548 182 1590; x_wconf 89' lang='lat' dir='ltr'>non</span> <span class='ocrx_word' id='word_1_67' title='bbox 209 1528 398 1609; x_wconf 85' lang='lat' dir='ltr'>comparuit.</span> 
     </span>
    </p>

    <p class='ocr_par' dir='ltr' id='par_1_7' title="bbox 105 1632 1385 2034">
     <span class='ocr_line' id='line_1_12' title="bbox 223 1632 1385 1715; baseline -0.001 -20"><span class='ocrx_word' id='word_1_68' title='bbox 223 1635 300 1695; x_wconf 91' lang='lat' dir='ltr'>Item</span> <span class='ocrx_word' id='word_1_69' title='bbox 326 1653 406 1695; x_wconf 86' lang='lat' dir='ltr'>uxor</span> <span class='ocrx_word' id='word_1_70' title='bbox 423 1633 556 1714; x_wconf 86' lang='lat' dir='ltr'>Georgii</span> <span class='ocrx_word' id='word_1_71' title='bbox 581 1633 656 1694; x_wconf 87' lang='lat' dir='ltr'>dicti</span> <span class='ocrx_word' id='word_1_72' title='bbox 675 1633 822 1715; x_wconf 77' lang='lat' dir='ltr'>Sydouin</span> <span class='ocrx_word' id='word_1_73' title='bbox 840 1647 955 1694; x_wconf 86' lang='lat' dir='ltr'>octavo</span> <span class='ocrx_word' id='word_1_74' title='bbox 980 1632 1032 1693; x_wconf 91' lang='lat' dir='ltr'>die</span> <span class='ocrx_word' id='word_1_75' title='bbox 1056 1633 1293 1714; x_wconf 84' lang='lat' dir='ltr'>quinquaginta</span> <span class='ocrx_word' id='word_1_76' title='bbox 1311 1653 1385 1694; x_wconf 93' lang='lat' dir='ltr'>con-</span> 
     </span>
     <span class='ocr_line' id='line_1_13' title="bbox 105 1739 1385 1821; baseline -0.002 -19"><span class='ocrx_word' id='word_1_77' title='bbox 105 1741 247 1802; x_wconf 88' lang='lat' dir='ltr'>civissas</span> <span class='ocrx_word' id='word_1_78' title='bbox 269 1754 416 1818; x_wconf 87' lang='lat' dir='ltr'>statuere,</span> <span class='ocrx_word' id='word_1_79' title='bbox 440 1754 471 1801; x_wconf 91' lang='lat' dir='ltr'>et</span> <span class='ocrx_word' id='word_1_80' title='bbox 495 1740 609 1821; x_wconf 86' lang='lat' dir='ltr'>viginti</span> <span class='ocrx_word' id='word_1_81' title='bbox 634 1739 779 1820; x_wconf 91' lang='lat' dir='ltr'>quinque</span> <span class='ocrx_word' id='word_1_82' title='bbox 803 1758 883 1821; x_wconf 87' lang='lat' dir='ltr'>quas</span> <span class='ocrx_word' id='word_1_83' title='bbox 916 1739 1050 1799; x_wconf 89' lang='lat' dir='ltr'>domina</span> <span class='ocrx_word' id='word_1_84' title='bbox 1075 1757 1205 1800; x_wconf 89' lang='lat' dir='ltr'>consors</span> <span class='ocrx_word' id='word_1_85' title='bbox 1231 1739 1385 1821; x_wconf 88' lang='lat' dir='ltr'>Stephani</span> 
     </span>
     <span class='ocr_line' id='line_1_14' title="bbox 109 1844 1385 1929; baseline -0.002 -21"><span class='ocrx_word' id='word_1_86' title='bbox 109 1847 195 1908; x_wconf 89' lang='lat' dir='ltr'>dicti</span> <span class='ocrx_word' id='word_1_87' title='bbox 222 1846 388 1929; x_wconf 83' lang='lat' dir='ltr'>Mylogled</span> <span class='ocrx_word' id='word_1_88' title='bbox 412 1846 555 1927; x_wconf 87' lang='lat' dir='ltr'>elegerit,</span> <span class='ocrx_word' id='word_1_89' title='bbox 580 1865 653 1907; x_wconf 90' lang='lat' dir='ltr'>cum</span> <span class='ocrx_word' id='word_1_90' title='bbox 687 1844 808 1907; x_wconf 89' lang='lat' dir='ltr'>eisdem</span> <span class='ocrx_word' id='word_1_91' title='bbox 840 1845 954 1925; x_wconf 88' lang='lat' dir='ltr'>viginti</span> <span class='ocrx_word' id='word_1_92' title='bbox 988 1844 1132 1925; x_wconf 87' lang='lat' dir='ltr'>quinque</span> <span class='ocrx_word' id='word_1_93' title='bbox 1156 1864 1251 1926; x_wconf 91' lang='lat' dir='ltr'>super</span> <span class='ocrx_word' id='word_1_94' title='bbox 1275 1864 1313 1907; x_wconf 94' lang='lat' dir='ltr'>eo</span> <span class='ocrx_word' id='word_1_95' title='bbox 1338 1844 1385 1925; x_wconf 84' lang='lat' dir='ltr'>ju·</span> 
     </span>
     <span class='ocr_line' id='line_1_15' title="bbox 108 1949 1270 2034; baseline -0.001 -20"><span class='ocrx_word' id='word_1_96' title='bbox 108 1953 212 2031; x_wconf 86' lang='lat' dir='ltr'>rabit,</span> <span class='ocrx_word' id='word_1_97' title='bbox 236 1952 324 2034; x_wconf 92' lang='lat' dir='ltr'>quod</span> <span class='ocrx_word' id='word_1_98' title='bbox 350 1952 417 2034; x_wconf 87' lang='lat' dir='ltr'>ipsa</span> <span class='ocrx_word' id='word_1_99' title='bbox 443 1971 523 2013; x_wconf 84' lang='lat' dir='ltr'>uxor</span> <span class='ocrx_word' id='word_1_100' title='bbox 547 1951 701 2032; x_wconf 86' lang='lat' dir='ltr'>Stephani</span> <span class='ocrx_word' id='word_1_101' title='bbox 726 1949 870 2012; x_wconf 89' lang='lat' dir='ltr'>malefica</span> <span class='ocrx_word' id='word_1_102' title='bbox 895 1964 926 2011; x_wconf 92' lang='lat' dir='ltr'>et</span> <span class='ocrx_word' id='word_1_103' title='bbox 951 1951 1139 2012; x_wconf 89' lang='lat' dir='ltr'>incantatrix</span> <span class='ocrx_word' id='word_1_104' title='bbox 1165 1949 1270 2013; x_wconf 88' lang='lat' dir='ltr'>fuerit.</span> 
     </span>
    </p>

    <p class='ocr_par' dir='ltr' id='par_1_8' title="bbox 105 2056 1385 2460">
     <span class='ocr_line' id='line_1_16' title="bbox 224 2056 1385 2140; baseline 0 -21"><span class='ocrx_word' id='word_1_105' title='bbox 224 2059 301 2119; x_wconf 87' lang='lat' dir='ltr'>Item</span> <span class='ocrx_word' id='word_1_106' title='bbox 336 2057 517 2139; x_wconf 88' lang='lat' dir='ltr'>Stephanus</span> <span class='ocrx_word' id='word_1_107' title='bbox 548 2057 633 2119; x_wconf 87' lang='lat' dir='ltr'>filius</span> <span class='ocrx_word' id='word_1_108' title='bbox 666 2057 803 2140; x_wconf 88' lang='lat' dir='ltr'>Mykech</span> <span class='ocrx_word' id='word_1_109' title='bbox 835 2071 949 2119; x_wconf 87' lang='lat' dir='ltr'>octavo</span> <span class='ocrx_word' id='word_1_110' title='bbox 980 2056 1032 2119; x_wconf 92' lang='lat' dir='ltr'>die</span> <span class='ocrx_word' id='word_1_111' title='bbox 1064 2077 1159 2138; x_wconf 90' lang='lat' dir='ltr'>super</span> <span class='ocrx_word' id='word_1_112' title='bbox 1195 2077 1233 2118; x_wconf 88' lang='lat' dir='ltr'>eo</span> <span class='ocrx_word' id='word_1_113' title='bbox 1258 2056 1385 2137; x_wconf 86' lang='lat' dir='ltr'>jurabit,</span> 
     </span>
     <span class='ocr_line' id='line_1_17' title="bbox 105 2161 1385 2248; baseline -0.001 -22"><span class='ocrx_word' id='word_1_114' title='bbox 105 2166 206 2248; x_wconf 91' lang='lat' dir='ltr'>quod</span> <span class='ocrx_word' id='word_1_115' title='bbox 230 2166 297 2247; x_wconf 89' lang='lat' dir='ltr'>ipse</span> <span class='ocrx_word' id='word_1_116' title='bbox 323 2185 381 2247; x_wconf 93' lang='lat' dir='ltr'>pro</span> <span class='ocrx_word' id='word_1_117' title='bbox 406 2165 599 2246; x_wconf 90' lang='lat' dir='ltr'>quibusdam</span> <span class='ocrx_word' id='word_1_118' title='bbox 617 2162 726 2225; x_wconf 87' lang='lat' dir='ltr'>scrofis</span> <span class='ocrx_word' id='word_1_119' title='bbox 750 2161 874 2224; x_wconf 92' lang='lat' dir='ltr'>Nicolai</span> <span class='ocrx_word' id='word_1_120' title='bbox 899 2163 1037 2224; x_wconf 90' lang='lat' dir='ltr'>condam</span> <span class='ocrx_word' id='word_1_121' title='bbox 1062 2162 1176 2242; x_wconf 82' lang='lat' dir='ltr'>judicis</span> <span class='ocrx_word' id='word_1_122' title='bbox 1200 2183 1217 2224; x_wconf 90' lang='lat' dir='ltr'>a</span> <span class='ocrx_word' id='word_1_123' title='bbox 1241 2163 1385 2244; x_wconf 91' lang='lat' dir='ltr'>quodam</span> 
     </span>
     <span class='ocr_line' id='line_1_18' title="bbox 106 2267 1385 2353; baseline -0.001 -21"><span class='ocrx_word' id='word_1_124' title='bbox 106 2271 287 2353; x_wconf 90' lang='lat' dir='ltr'>jobagione</span> <span class='ocrx_word' id='word_1_125' title='bbox 312 2291 370 2333; x_wconf 94' lang='lat' dir='ltr'>suo</span> <span class='ocrx_word' id='word_1_126' title='bbox 396 2270 501 2332; x_wconf 91' lang='lat' dir='ltr'>eidem</span> <span class='ocrx_word' id='word_1_127' title='bbox 527 2270 663 2332; x_wconf 89' lang='lat' dir='ltr'>Nicolao</span> <span class='ocrx_word' id='word_1_128' title='bbox 694 2268 863 2331; x_wconf 89' lang='lat' dir='ltr'>fideiussor</span> <span class='ocrx_word' id='word_1_129' title='bbox 894 2288 959 2330; x_wconf 89' lang='lat' dir='ltr'>non</span> <span class='ocrx_word' id='word_1_130' title='bbox 984 2267 1090 2347; x_wconf 80' lang='lat' dir='ltr'>fuerit,</span> <span class='ocrx_word' id='word_1_131' title='bbox 1125 2289 1231 2351; x_wconf 91' lang='lat' dir='ltr'>neque</span> <span class='ocrx_word' id='word_1_132' title='bbox 1254 2284 1385 2351; x_wconf 90' lang='lat' dir='ltr'>propter</span> 
     </span>
     <span class='ocr_line' id='line_1_19' title="bbox 105 2373 1104 2460; baseline -0.001 -22"><span class='ocrx_word' id='word_1_133' title='bbox 105 2379 220 2460; x_wconf 88' lang='lat' dir='ltr'>ipsum</span> <span class='ocrx_word' id='word_1_134' title='bbox 244 2390 274 2437; x_wconf 91' lang='lat' dir='ltr'>et</span> <span class='ocrx_word' id='word_1_135' title='bbox 297 2396 392 2438; x_wconf 92' lang='lat' dir='ltr'>suum</span> <span class='ocrx_word' id='word_1_136' title='bbox 417 2375 536 2437; x_wconf 87' lang='lat' dir='ltr'>factum</span> <span class='ocrx_word' id='word_1_137' title='bbox 560 2375 673 2437; x_wconf 91' lang='lat' dir='ltr'>eedem</span> <span class='ocrx_word' id='word_1_138' title='bbox 699 2373 801 2437; x_wconf 85' lang='lat' dir='ltr'>scrofe</span> <span class='ocrx_word' id='word_1_139' title='bbox 825 2389 951 2457; x_wconf 88' lang='lat' dir='ltr'>recepte</span> <span class='ocrx_word' id='word_1_140' title='bbox 976 2374 1104 2437; x_wconf 78' lang='lat' dir='ltr'>fuerint.</span> 
     </span>
    </p>

    <p class='ocr_par' dir='ltr' id='par_1_9' title="bbox 106 2480 1385 2670">
     <span class='ocr_line' id='line_1_20' title="bbox 223 2480 1385 2566; baseline -0.003 -21"><span class='ocrx_word' id='word_1_141' title='bbox 223 2483 300 2545; x_wconf 88' lang='lat' dir='ltr'>Item</span> <span class='ocrx_word' id='word_1_142' title='bbox 323 2483 457 2566; x_wconf 80' lang='lat' dir='ltr'>Vydech</span> <span class='ocrx_word' id='word_1_143' title='bbox 482 2502 583 2564; x_wconf 89' lang='lat' dir='ltr'>usque</span> <span class='ocrx_word' id='word_1_144' title='bbox 608 2482 788 2562; x_wconf 88' lang='lat' dir='ltr'>quindenas</span> <span class='ocrx_word' id='word_1_145' title='bbox 817 2481 954 2544; x_wconf 87' lang='lat' dir='ltr'>Nicolao</span> <span class='ocrx_word' id='word_1_146' title='bbox 979 2481 1065 2542; x_wconf 91' lang='lat' dir='ltr'>dicto</span> <span class='ocrx_word' id='word_1_147' title='bbox 1090 2480 1280 2543; x_wconf 91' lang='lat' dir='ltr'>Gerdauech</span> <span class='ocrx_word' id='word_1_148' title='bbox 1306 2481 1385 2543; x_wconf 91' lang='lat' dir='ltr'>duas</span> 
     </span>
     <span class='ocr_line' id='line_1_21' title="bbox 106 2588 838 2670; baseline 0 -19"><span class='ocrx_word' id='word_1_149' title='bbox 106 2608 238 2651; x_wconf 80' lang='lat' dir='ltr'>marcas</span> <span class='ocrx_word' id='word_1_150' title='bbox 261 2609 319 2670; x_wconf 92' lang='lat' dir='ltr'>pro</span> <span class='ocrx_word' id='word_1_151' title='bbox 343 2589 477 2650; x_wconf 89' lang='lat' dir='ltr'>vulnere</span> <span class='ocrx_word' id='word_1_152' title='bbox 502 2608 560 2650; x_wconf 92' lang='lat' dir='ltr'>suo</span> <span class='ocrx_word' id='word_1_153' title='bbox 585 2589 709 2650; x_wconf 87' lang='lat' dir='ltr'>solvere</span> <span class='ocrx_word' id='word_1_154' title='bbox 732 2588 838 2651; x_wconf 85' lang='lat' dir='ltr'>debet.</span> 
     </span>
    </p>

    <p class='ocr_par' dir='ltr' id='par_1_10' title="bbox 221 2694 1383 2777">
     <span class='ocr_line' id='line_1_22' title="bbox 221 2694 1383 2777; baseline 0.002 -22"><span class='ocrx_word' id='word_1_155' title='bbox 221 2694 298 2755; x_wconf 85' lang='lat' dir='ltr'>Item</span> <span class='ocrx_word' id='word_1_156' title='bbox 325 2695 493 2756; x_wconf 89' lang='lat' dir='ltr'>Cristanus</span> <span class='ocrx_word' id='word_1_157' title='bbox 517 2708 627 2756; x_wconf 92' lang='lat' dir='ltr'>contra</span> <span class='ocrx_word' id='word_1_158' title='bbox 653 2698 813 2775; x_wconf 84' lang='lat' dir='ltr'>Agnesam</span> <span class='ocrx_word' id='word_1_159' title='bbox 838 2694 938 2755; x_wconf 91' lang='lat' dir='ltr'>tercio</span> <span class='ocrx_word' id='word_1_160' title='bbox 963 2695 1077 2756; x_wconf 91' lang='lat' dir='ltr'>citatus</span> <span class='ocrx_word' id='word_1_161' title='bbox 1101 2713 1168 2755; x_wconf 92' lang='lat' dir='ltr'>non</span> <span class='ocrx_word' id='word_1_162' title='bbox 1193 2695 1383 2777; x_wconf 89' lang='lat' dir='ltr'>comparuit.</span> 
     </span>
    </p>

    <p class='ocr_par' dir='ltr' id='par_1_11' title="bbox 103 2800 1384 3093">
     <span class='ocr_line' id='line_1_23' title="bbox 224 2800 1384 2883; baseline 0.001 -22"><span class='ocrx_word' id='word_1_163' title='bbox 224 2801 301 2861; x_wconf 86' lang='lat' dir='ltr'>item</span> <span class='ocrx_word' id='word_1_164' title='bbox 329 2800 511 2883; x_wconf 85' lang='lat' dir='ltr'>Stephanus</span> <span class='ocrx_word' id='word_1_165' title='bbox 544 2800 583 2861; x_wconf 87' lang='lat' dir='ltr'>de</span> <span class='ocrx_word' id='word_1_166' title='bbox 608 2801 783 2862; x_wconf 90' lang='lat' dir='ltr'>Maroucha</span> <span class='ocrx_word' id='word_1_167' title='bbox 816 2801 892 2861; x_wconf 91' lang='lat' dir='ltr'>dum</span> <span class='ocrx_word' id='word_1_168' title='bbox 925 2800 958 2860; x_wconf 91' lang='lat' dir='ltr'>in</span> <span class='ocrx_word' id='word_1_169' title='bbox 993 2800 1153 2861; x_wconf 90' lang='lat' dir='ltr'>civitatem</span> <span class='ocrx_word' id='word_1_170' title='bbox 1186 2801 1310 2861; x_wconf 88' lang='lat' dir='ltr'>venerit</span> <span class='ocrx_word' id='word_1_171' title='bbox 1333 2800 1384 2862; x_wconf 91' lang='lat' dir='ltr'>vel</span> 
     </span>
     <span class='ocr_line' id='line_1_24' title="bbox 108 2905 1384 2988; baseline -0.002 -20"><span class='ocrx_word' id='word_1_172' title='bbox 108 2907 170 2968; x_wconf 89' lang='lat' dir='ltr'>die</span> <span class='ocrx_word' id='word_1_173' title='bbox 195 2907 329 2968; x_wconf 87' lang='lat' dir='ltr'>crastina</span> <span class='ocrx_word' id='word_1_174' title='bbox 353 2926 504 2988; x_wconf 91' lang='lat' dir='ltr'>supereo</span> <span class='ocrx_word' id='word_1_175' title='bbox 521 2905 648 2988; x_wconf 80' lang='lat' dir='ltr'>jurabit,</span> <span class='ocrx_word' id='word_1_176' title='bbox 665 2906 754 2988; x_wconf 87' lang='lat' dir='ltr'>quod</span> <span class='ocrx_word' id='word_1_177' title='bbox 778 2905 842 2967; x_wconf 87' lang='lat' dir='ltr'>filia</span> <span class='ocrx_word' id='word_1_178' title='bbox 860 2905 1087 2988; x_wconf 81' lang='lat' dir='ltr'>Wlkouoyech</span> <span class='ocrx_word' id='word_1_179' title='bbox 1105 2905 1249 2987; x_wconf 87' lang='lat' dir='ltr'>precium</span> <span class='ocrx_word' id='word_1_180' title='bbox 1267 2906 1384 2967; x_wconf 91' lang='lat' dir='ltr'>domus</span> 
     </span>
     <span class='ocr_line' id='line_1_25' title="bbox 103 3011 1216 3093; baseline 0 -20"><span class='ocrx_word' id='word_1_181' title='bbox 103 3012 265 3074; x_wconf 85' lang='lat' dir='ltr'>videlicet</span> <span class='ocrx_word' id='word_1_182' title='bbox 289 3026 418 3075; x_wconf 89' lang='lat' dir='ltr'>centum</span> <span class='ocrx_word' id='word_1_183' title='bbox 443 3012 592 3074; x_wconf 90' lang='lat' dir='ltr'>denarios</span> <span class='ocrx_word' id='word_1_184' title='bbox 615 3027 646 3073; x_wconf 91' lang='lat' dir='ltr'>et</span> <span class='ocrx_word' id='word_1_185' title='bbox 670 3033 723 3074; x_wconf 83' lang='lat' dir='ltr'>sex</span> <span class='ocrx_word' id='word_1_186' title='bbox 754 3031 887 3073; x_wconf 86' lang='lat' dir='ltr'>munera</span> <span class='ocrx_word' id='word_1_187' title='bbox 912 3031 978 3073; x_wconf 93' lang='lat' dir='ltr'>non</span> <span class='ocrx_word' id='word_1_188' title='bbox 1002 3011 1216 3093; x_wconf 86' lang='lat' dir='ltr'>persolvisset.</span> 
     </span>
    </p>

    <p class='ocr_par' dir='ltr' id='par_1_12' title="bbox 104 3117 1384 3414">
     <span class='ocr_line' id='line_1_26' title="bbox 220 3117 1383 3200; baseline -0.002 -19"><span class='ocrx_word' id='word_1_189' title='bbox 220 3120 297 3181; x_wconf 90' lang='lat' dir='ltr'>Item</span> <span class='ocrx_word' id='word_1_190' title='bbox 329 3119 477 3181; x_wconf 86' lang='lat' dir='ltr'>Thomas</span> <span class='ocrx_word' id='word_1_191' title='bbox 507 3118 668 3181; x_wconf 84' lang='lat' dir='ltr'>aurifaber</span> <span class='ocrx_word' id='word_1_192' title='bbox 699 3134 812 3181; x_wconf 89' lang='lat' dir='ltr'>octavo</span> <span class='ocrx_word' id='word_1_193' title='bbox 844 3119 896 3180; x_wconf 93' lang='lat' dir='ltr'>die</span> <span class='ocrx_word' id='word_1_194' title='bbox 927 3137 1022 3200; x_wconf 90' lang='lat' dir='ltr'>super</span> <span class='ocrx_word' id='word_1_195' title='bbox 1054 3137 1092 3178; x_wconf 90' lang='lat' dir='ltr'>eo</span> <span class='ocrx_word' id='word_1_196' title='bbox 1126 3117 1259 3198; x_wconf 84' lang='lat' dir='ltr'>jurabit,</span> <span class='ocrx_word' id='word_1_197' title='bbox 1294 3119 1383 3200; x_wconf 91' lang='lat' dir='ltr'>quod</span> 
     </span>
     <span class='ocr_line' id='line_1_27' title="bbox 104 3223 1384 3307; baseline -0.003 -17"><span class='ocrx_word' id='word_1_198' title='bbox 104 3226 268 3290; x_wconf 87' lang='lat' dir='ltr'>Nicolaus</span> <span class='ocrx_word' id='word_1_199' title='bbox 291 3226 452 3289; x_wconf 84' lang='lat' dir='ltr'>aurifaber</span> <span class='ocrx_word' id='word_1_200' title='bbox 475 3228 535 3289; x_wconf 93' lang='lat' dir='ltr'>sibi</span> <span class='ocrx_word' id='word_1_201' title='bbox 561 3227 642 3288; x_wconf 93' lang='lat' dir='ltr'>duos</span> <span class='ocrx_word' id='word_1_202' title='bbox 666 3227 806 3288; x_wconf 90' lang='lat' dir='ltr'>florenos</span> <span class='ocrx_word' id='word_1_203' title='bbox 829 3226 897 3286; x_wconf 91' lang='lat' dir='ltr'>auri</span> <span class='ocrx_word' id='word_1_204' title='bbox 920 3225 1051 3307; x_wconf 89' lang='lat' dir='ltr'>dampni</span> <span class='ocrx_word' id='word_1_205' title='bbox 1077 3223 1196 3302; x_wconf 83' lang='lat' dir='ltr'>fecerit,</span> <span class='ocrx_word' id='word_1_206' title='bbox 1222 3225 1294 3286; x_wconf 89' lang='lat' dir='ltr'>etsi</span> <span class='ocrx_word' id='word_1_207' title='bbox 1316 3225 1384 3286; x_wconf 90' lang='lat' dir='ltr'>vult</span> 
     </span>
     <span class='ocr_line' id='line_1_28' title="bbox 104 3333 781 3414; baseline -0.003 -19"><span class='ocrx_word' id='word_1_208' title='bbox 104 3353 211 3414; x_wconf 86' lang='lat' dir='ltr'>super</span> <span class='ocrx_word' id='word_1_209' title='bbox 235 3334 352 3395; x_wconf 93' lang='lat' dir='ltr'>minori</span> <span class='ocrx_word' id='word_1_210' title='bbox 377 3333 513 3414; x_wconf 92' lang='lat' dir='ltr'>pecunia</span> <span class='ocrx_word' id='word_1_211' title='bbox 539 3333 642 3413; x_wconf 82' lang='lat' dir='ltr'>jurare</span> <span class='ocrx_word' id='word_1_212' title='bbox 667 3346 781 3414; x_wconf 87' lang='lat' dir='ltr'>potest.</span> 
     </span>
    </p>

    <p class='ocr_par' dir='ltr' id='par_1_13' title="bbox 104 3437 1382 3608">
     <span class='ocr_line' id='line_1_29' title="bbox 221 3437 1382 3522; baseline 0 -24"><span class='ocrx_word' id='word_1_213' title='bbox 221 3438 298 3501; x_wconf 87' lang='lat' dir='ltr'>item</span> <span class='ocrx_word' id='word_1_214' title='bbox 331 3438 491 3520; x_wconf 85' lang='lat' dir='ltr'>Georgius</span> <span class='ocrx_word' id='word_1_215' title='bbox 515 3439 663 3522; x_wconf 86' lang='lat' dir='ltr'>Sydouin</span> <span class='ocrx_word' id='word_1_216' title='bbox 694 3458 796 3518; x_wconf 91' lang='lat' dir='ltr'>usque</span> <span class='ocrx_word' id='word_1_217' title='bbox 829 3438 1008 3519; x_wconf 89' lang='lat' dir='ltr'>quindenas</span> <span class='ocrx_word' id='word_1_218' title='bbox 1041 3438 1168 3519; x_wconf 88' lang='lat' dir='ltr'>Leposy</span> <span class='ocrx_word' id='word_1_219' title='bbox 1201 3437 1382 3498; x_wconf 88' lang='lat' dir='ltr'>terciamdi·</span> 
     </span>
     <span class='ocr_line' id='line_1_30' title="bbox 104 3544 692 3608; baseline -0.002 0"><span class='ocrx_word' id='word_1_220' title='bbox 104 3544 247 3608; x_wconf 82' lang='lat' dir='ltr'>cnidiam</span> <span class='ocrx_word' id='word_1_221' title='bbox 272 3564 412 3607; x_wconf 89' lang='lat' dir='ltr'>marcam</span> <span class='ocrx_word' id='word_1_222' title='bbox 436 3545 561 3607; x_wconf 90' lang='lat' dir='ltr'>solvere</span> <span class='ocrx_word' id='word_1_223' title='bbox 586 3545 692 3607; x_wconf 88' lang='lat' dir='ltr'>debet.</span> 
     </span>
    </p>

    <p class='ocr_par' dir='ltr' id='par_1_14' title="bbox 103 3649 1383 3927">
     <span class='ocr_line' id='line_1_31' title="bbox 223 3649 1383 3732; baseline -0.001 -19"><span class='ocrx_word' id='word_1_224' title='bbox 223 3651 300 3713; x_wconf 88' lang='lat' dir='ltr'>item</span> <span class='ocrx_word' id='word_1_225' title='bbox 329 3671 409 3713; x_wconf 86' lang='lat' dir='ltr'>uxor</span> <span class='ocrx_word' id='word_1_226' title='bbox 441 3652 582 3713; x_wconf 87' lang='lat' dir='ltr'>Ladislai</span> <span class='ocrx_word' id='word_1_227' title='bbox 614 3652 697 3713; x_wconf 91' lang='lat' dir='ltr'>tular</span> <span class='ocrx_word' id='word_1_228' title='bbox 727 3665 840 3713; x_wconf 85' lang='lat' dir='ltr'>octavo</span> <span class='ocrx_word' id='word_1_229' title='bbox 873 3651 925 3712; x_wconf 91' lang='lat' dir='ltr'>die</span> <span class='ocrx_word' id='word_1_230' title='bbox 949 3671 1045 3732; x_wconf 86' lang='lat' dir='ltr'>super</span> <span class='ocrx_word' id='word_1_231' title='bbox 1076 3670 1115 3711; x_wconf 92' lang='lat' dir='ltr'>eo</span> <span class='ocrx_word' id='word_1_232' title='bbox 1140 3649 1267 3729; x_wconf 83' lang='lat' dir='ltr'>jurabit,</span> <span class='ocrx_word' id='word_1_233' title='bbox 1294 3652 1383 3731; x_wconf 92' lang='lat' dir='ltr'>quod</span> 
     </span>
     <span class='ocr_line' id='line_1_32' title="bbox 103 3756 1382 3839; baseline -0.002 -19"><span class='ocrx_word' id='word_1_234' title='bbox 103 3756 171 3820; x_wconf 85' lang='lat' dir='ltr'>sibi</span> <span class='ocrx_word' id='word_1_235' title='bbox 197 3758 334 3819; x_wconf 90' lang='lat' dir='ltr'>condam</span> <span class='ocrx_word' id='word_1_236' title='bbox 351 3757 582 3839; x_wconf 86' lang='lat' dir='ltr'>Hergotinicha</span> <span class='ocrx_word' id='word_1_237' title='bbox 600 3771 729 3819; x_wconf 91' lang='lat' dir='ltr'>centum</span> <span class='ocrx_word' id='word_1_238' title='bbox 753 3771 784 3818; x_wconf 92' lang='lat' dir='ltr'>et</span> <span class='ocrx_word' id='word_1_239' title='bbox 799 3757 953 3819; x_wconf 90' lang='lat' dir='ltr'>tredecim</span> <span class='ocrx_word' id='word_1_240' title='bbox 978 3756 1117 3819; x_wconf 86' lang='lat' dir='ltr'>denariis</span> <span class='ocrx_word' id='word_1_241' title='bbox 1142 3758 1382 3839; x_wconf 91' lang='lat' dir='ltr'>vyennensibus</span> 
     </span>
     <span class='ocr_line' id='line_1_33' title="bbox 106 3862 374 3927; baseline -0.004 0"><span class='ocrx_word' id='word_1_242' title='bbox 106 3865 242 3927; x_wconf 91' lang='lat' dir='ltr'>debitor</span> <span class='ocrx_word' id='word_1_243' title='bbox 270 3862 374 3926; x_wconf 85' lang='lat' dir='ltr'>fuerit.</span> 
     </span>
    </p>

    <p class='ocr_par' dir='ltr' id='par_1_15' title="bbox 104 3969 1382 4159">
     <span class='ocr_line' id='line_1_34' title="bbox 219 3969 1382 4052; baseline 0 -21"><span class='ocrx_word' id='word_1_244' title='bbox 219 3970 297 4032; x_wconf 88' lang='lat' dir='ltr'>Item</span> <span class='ocrx_word' id='word_1_245' title='bbox 321 3970 437 4033; x_wconf 88' lang='lat' dir='ltr'>mulier</span> <span class='ocrx_word' id='word_1_246' title='bbox 465 3969 720 4051; x_wconf 86' lang='lat' dir='ltr'>Agustinouicha</span> <span class='ocrx_word' id='word_1_247' title='bbox 753 3983 863 4031; x_wconf 91' lang='lat' dir='ltr'>contra</span> <span class='ocrx_word' id='word_1_248' title='bbox 894 3969 1071 4051; x_wconf 90' lang='lat' dir='ltr'>Georgium</span> <span class='ocrx_word' id='word_1_249' title='bbox 1097 3983 1251 4031; x_wconf 89' lang='lat' dir='ltr'>sartorem</span> <span class='ocrx_word' id='word_1_250' title='bbox 1276 3970 1382 4052; x_wconf 92' lang='lat' dir='ltr'>primo</span> 
     </span>
     <span class='ocr_line' id='line_1_35' title="bbox 104 4077 609 4159; baseline -0.004 -19"><span class='ocrx_word' id='word_1_251' title='bbox 104 4078 208 4141; x_wconf 91' lang='lat' dir='ltr'>citata</span> <span class='ocrx_word' id='word_1_252' title='bbox 232 4095 297 4138; x_wconf 91' lang='lat' dir='ltr'>non</span> <span class='ocrx_word' id='word_1_253' title='bbox 320 4077 512 4159; x_wconf 83' lang='lat' dir='ltr'>comparuit.</span> <span class='ocrx_word' id='word_1_254' title='bbox 607 4094 609 4098; x_wconf 86' lang='lat'>·</span> 
     </span>
    </p>
   </div>
   <div class='ocr_carea' id='block_1_2' title="bbox 162 4293 1327 4509">
    <p class='ocr_par' dir='ltr' id='par_1_16' title="bbox 162 4293 1327 4509">
     <span class='ocr_line' id='line_1_36' title="bbox 162 4293 1327 4386; baseline -0.003 -19"><span class='ocrx_word' id='word_1_255' title='bbox 162 4293 261 4368; x_wconf 86' lang='lat' dir='ltr'>Feria</span> <span class='ocrx_word' id='word_1_256' title='bbox 288 4304 387 4368; x_wconf 86' lang='lat' dir='ltr'>sexta</span> <span class='ocrx_word' id='word_1_257' title='bbox 406 4299 560 4386; x_wconf 82' lang='lat' dir='ltr'>proxima</span> <span class='ocrx_word' id='word_1_258' title='bbox 581 4303 659 4368; x_wconf 88' lang='lat' dir='ltr'>ante</span> <span class='ocrx_word' id='word_1_259' title='bbox 687 4297 810 4368; x_wconf 80' lang='lat' dir='ltr'>festum</span> <span class='ocrx_word' id='word_1_260' title='bbox 829 4296 1032 4369; x_wconf 84' lang='lat' dir='ltr'>Nativitatis</span> <span class='ocrx_word' id='word_1_261' title='bbox 1060 4295 1149 4364; x_wconf 87' lang='lat' dir='ltr'>beati</span> <span class='ocrx_word' id='word_1_262' title='bbox 1165 4293 1327 4382; x_wconf 81' lang='lat' dir='ltr'>johannis</span> 
     </span>
     <span class='ocr_line' id='line_1_37' title="bbox 664 4420 827 4509; baseline -0.006 -19"><span class='ocrx_word' id='word_1_263' title='bbox 664 4420 827 4509; x_wconf 82' lang='lat' dir='ltr'>Baptista.</span> 
     </span>
    </p>
   </div>
   <div class='ocr_carea' id='block_1_3' title="bbox 653 4574 835 4649">
    <p class='ocr_par' dir='ltr' id='par_1_17' title="bbox 653 4574 835 4649">
     <span class='ocr_line' id='line_1_38' title="bbox 653 4574 835 4649; baseline 0.016 -19"><span class='ocrx_word' id='word_1_264' title='bbox 653 4574 720 4647; x_wconf 85' lang='lat'><em>(20.</em></span> <span class='ocrx_word' id='word_1_265' title='bbox 730 4574 835 4649; x_wconf 75' lang='lat' dir='ltr'>jumi).</span> 
     </span>
    </p>
   </div>
   <div class='ocr_carea' id='block_1_4' title="bbox 99 4698 1380 4906">
    <p class='ocr_par' dir='ltr' id='par_1_18' title="bbox 99 4698 1380 4906">
     <span class='ocr_line' id='line_1_39' title="bbox 217 4698 1380 4795; baseline -0.003 -21"><span class='ocrx_word' id='word_1_266' title='bbox 217 4712 296 4775; x_wconf 88' lang='lat' dir='ltr'>Item</span> <span class='ocrx_word' id='word_1_267' title='bbox 322 4711 430 4775; x_wconf 87' lang='lat' dir='ltr'>Mathe</span> <span class='ocrx_word' id='word_1_268' title='bbox 455 4698 543 4775; x_wconf 88' lang='lat' dir='ltr'>sutor</span> <span class='ocrx_word' id='word_1_269' title='bbox 567 4727 677 4775; x_wconf 92' lang='lat' dir='ltr'>contra</span> <span class='ocrx_word' id='word_1_270' title='bbox 710 4713 853 4795; x_wconf 87' lang='lat' dir='ltr'>Spanum</span> <span class='ocrx_word' id='word_1_271' title='bbox 886 4711 1029 4772; x_wconf 90' lang='lat' dir='ltr'>secundo</span> <span class='ocrx_word' id='word_1_272' title='bbox 1061 4711 1176 4773; x_wconf 89' lang='lat' dir='ltr'>citatus</span> <span class='ocrx_word' id='word_1_273' title='bbox 1200 4729 1266 4771; x_wconf 93' lang='lat' dir='ltr'>non</span> <span class='ocrx_word' id='word_1_274' title='bbox 1292 4728 1380 4771; x_wconf 91' lang='lat' dir='ltr'>com·</span> 
     </span>
     <span class='ocr_line' id='line_1_40' title="bbox 99 4809 1166 4906; baseline -0.007 -23"><span class='ocrx_word' id='word_1_275' title='bbox 99 4817 226 4906; x_wconf 87' lang='lat' dir='ltr'>paruit.</span> <span class='ocrx_word' id='word_1_276' title='bbox 922 4835 923 4838; x_wconf 69' lang='grc'>’</span> <span class='ocrx_word' id='word_1_277' title='bbox 1164 4809 1166 4813; x_wconf 62' lang='grc'>’</span> 
     </span>
    </p>
   </div>
   <div class='ocr_carea' id='block_1_5' title="bbox 1256 4904 1274 4934">
    <p class='ocr_par' dir='ltr' id='par_1_19' title="bbox 1256 4904 1274 4934">
     <span class='ocr_line' id='line_1_41' title="bbox 1256 4904 1274 4934; baseline 0 0"><span class='ocrx_word' id='word_1_278' title='bbox 1256 4904 1274 4934; x_wconf 56' lang='grc' dir='ltr'><strong>ὕ</strong></span> 
     </span>
    </p>
   </div>
   <div class='ocr_carea' id='block_1_6' title="bbox 0 0 1706 5362">
    <p class='ocr_par' dir='ltr' id='par_1_20' title="bbox 0 0 1706 5362">
     <span class='ocr_line' id='line_1_42' title="bbox 0 0 1706 5362; baseline 0 0"><span class='ocrx_word' id='word_1_279' title='bbox 0 0 1706 5362; x_wconf 95' lang='lat' dir='ltr'> </span> 
     </span>
    </p>
   </div>
  </div>
 </body>
</html>
