3404 5362
599 381 686 438 Anno
710 374 801 455 1583.
825 413 869 422 -
891 375 944 439 28.
969 382 1095 453 augusti.
1421 399 1479 441 211

323 592 400 653 ltem
426 588 531 651 Mathe
556 603 671 651 octavo
707 589 759 651 die
791 609 886 672 super
915 604 1032 671 quanta
1066 590 1243 671 quantitate
1268 591 1404 673 pecunie
1437 589 1483 670 ju·

212 698 306 775 rabit,
332 711 489 778 quantum
515 698 572 757 bos
596 716 672 757 suus
696 695 858 774 valuisset,
881 695 942 757 hoc
966 695 1026 756 sibi
1052 694 1236 757 Anthonius
1259 696 1393 779 Jursych
1412 715 1483 778 per·

212 804 339 865 solvere
365 801 470 864 debet.

318 908 396 969 Item
422 907 599 989 Gregorius
624 906 804 970 Chudauch
841 922 955 969 octavo
981 907 1032 968 die
1057 927 1152 990 super
1176 927 1215 969 eo
1238 906 1366 987 jurabit,
1391 907 1479 989 quod

211 1015 317 1096 ipsum
343 1015 461 1076 Paulus
487 1014 726 1077 Charantouich
751 1015 957 1092 vulnerasset,
983 1028 1013 1075 et
1037 1014 1097 1076 hoc
1121 1014 1264 1076 secundo
1288 1036 1331 1076 se.

323 1122 401 1183 ltem
435 1122 553 1183 Paulus
584 1120 779 1183 Mericlricha
810 1135 920 1183 contra
954 1120 1061 1182 Endre
1092 1122 1234 1184 secundo
1270 1121 1384 1184 citatus
1416 1140 1481 1183 non

212 1229 405 1308 comparuit.

215 1463 309 1537 Feria
341 1471 440 1536 sexta
469 1467 624 1553 proxima
654 1472 731 1536 ante
760 1464 883 1536 festum
912 1465 1148 1536 decollacionis
1178 1468 1287 1537 sancti
1318 1466 1482 1556 Johannis

766 1589 930 1678 Baptiste.

730 1738 795 1814 (28.
825 1744 966 1815 augusti).

325 1880 403 1942 ltem
429 1902 522 1943 causa
547 1881 702 1943 lobannis
729 1895 838 1944 contra
871 1880 961 1941 Hans
986 1880 1064 1943 Scof
1092 1883 1133 1944 ad
1156 1895 1305 1945 octavum
1329 1883 1416 1945 diem
1443 1883 1483 1944 ad

216 2007 329 2069 pacem
354 2001 401 2050 est
424 2001 560 2071 recepta.

325 2093 402 2153 ltem
427 2113 521 2154 causa
546 2093 658 2156 Raden
692 2108 802 2156 contra
836 2094 913 2158 Scof
944 2096 983 2157 ad
1009 2110 1159 2158 octavum
1193 2096 1279 2158 diem
1305 2095 1345 2156 ad
1369 2114 1481 2177 pacem

217 2216 263 2263 est
287 2214 425 2281 recepta.

319 2306 398 2368 Item
424 2306 547 2388 Symon
572 2305 656 2367 filius
674 2305 865 2389 Chepernye
888 2320 996 2368 contra
1015 2307 1185 2369 dominum
1210 2307 1352 2369 Blasium
1371 2308 1482 2392 archy-

220 2416 392 2476 diaconum
416 2413 455 2474 de
486 2412 664 2474 Kamarcha
697 2414 851 2495 quasdam
888 2414 995 2475 literas
1018 2413 1232 2496 expeditorias
1264 2434 1365 2496 usque
1389 2416 1482 2497 quin-

215 2522 313 2583 denas
337 2519 490 2582 exhibere
515 2519 620 2581 debet.

319 2626 398 2687 ltem
424 2625 575 2686 dominus
600 2625 689 2685 Luka
718 2645 753 2685 ac
787 2625 919 2687 domina
944 2625 1114 2715 lfrancisca
1149 2639 1179 2686 et
1204 2625 1327 2708 Symon
1353 2625 1483 2688 domine

216 2732 321 2793 relicte
347 2731 520 2812 llaphaelis
543 2730 705 2810 sexaginta
741 2730 885 2812 quinque
919 2730 988 2793 flor.
1014 2750 1115 2811 usque
1147 2732 1327 2812 quindenas
1359 2734 1483 2794 solvere

221 2839 360 2913 deben13
385 2851 414 2897 et
439 2837 570 2898 eosdem
596 2835 735 2898 florenos
752 2836 928 2898 Hanslinus
952 2835 1072 2917 iuratus
1084 2837 1206 2898 eisdem
1231 2837 1365 2899 domino
1383 2839 1483 2917 Luka,

221 2945 350 3006 domine
370 2943 536 3025 Francisce
558 2958 587 3003 et
606 2943 739 3025 Symoni
765 2963 866 3024 usque
895 2943 1021 3004 easdem
1041 2942 1220 3024 quindenas
1237 2944 1360 3006 solvere
1378 2945 1483 3007 debet.

325 3051 402 3112 ltem
429 3050 575 3111 Thomas
598 3063 708 3111 contra
733 3050 861 3110 l‘etrum
889 3050 1031 3112 secundo
1064 3051 1177 3111 citatus
1202 3070 1267 3112 non
1292 3052 1482 3133 comparuit.
1580 3050 1583 3056 ’

329 3156 406 3218 ltem
431 3155 582 3217 dominus
607 3156 732 3217 Blasius
749 3170 854 3217 custos
878 3170 988 3218 contra
1007 3155 1185 3237 Georgium
1210 3157 1353 3220 secundo
1371 3158 1484 3220 citatus

221 3284 281 3326 non
310 3263 500 3344 comparuit.

321 3369 397 3430 Item
419 3383 515 3430 testes
532 3369 683 3450 (causam)
701 3368 825 3430 Nicolai
844 3368 956 3430 decani
975 3386 1083 3431 contra
1105 3370 1283 3451 Georgium
1308 3370 1483 3433 salivenam

221 3476 256 3536 ad
281 3490 429 3537 octavum
456 3475 542 3535 diem
567 3473 606 3536 ad
629 3474 899 3536 deliberacionem
925 3490 1123 3557 receperunt.

324 3581 400 3641 ltern
427 3579 609 3641 Anthonius
633 3593 743 3641 contra
768 3580 904 3643 Paulum
929 3583 1034 3663 primo
1059 3583 1172 3644 citatus
1196 3603 1259 3644 non
1291 3585 1481 3667 comparuit.

324 3686 401 3747 ltem
427 3686 588 3747 lohannes
613 3700 723 3748 contra
748 3687 887 3749 Brumen
913 3702 1027 3750 octavo
1059 3690 1111 3751 die
1137 3690 1352 3771 respondebit.

325 3793 402 3854 ltem
427 3813 521 3854 causa
546 3792 677 3875 Herney
701 3807 811 3856 contra
831 3791 988 3856 famulum
1014 3794 1131 3877 Gyuan
1156 3796 1196 3856 ad
1221 3809 1370 3858 octavum
1395 3796 1481 3858 diem

222 3903 257 3963 ad
282 3920 394 3984 pacem
420 3913 466 3962 est
489 3914 625 3982 recepta.

327 4007 405 4068 ltem
439 4006 530 4068 Kirin
570 4019 601 4068 et
633 4005 792 4087 Georgius
824 4020 934 4068 contra
968 4007 1152 4089 Mosnarigh
1189 4022 1303 4069 octavo
1349 4008 1401 4070 die
1437 4028 1483 4070 re·

224 4113 437 4196 spondebunt.

324 4219 402 4281 ltem
428 4217 573 4301 Philipus
596 4232 710 4281 octavo
735 4219 785 4280 die
811 4239 867 4301 per
889 4219 1042 4281 Mathiam
1067 4218 1169 4280 filium
1194 4219 1323 4280 orosnilr
1349 4234 1379 4280 et
1404 4218 1484 4281 Gre-

219 4327 344 4407 gorium
371 4326 603 4408 carpentarium
629 4325 690 4387 hoc
712 4327 870 4404 atestabit‚
894 4326 973 4408 quid
998 4326 1074 4409 ipsis
1098 4326 1137 4388 de
1165 4324 1248 4387 iacto
1274 4326 1355 4388 inter
1379 4326 1484 4409 ipsum

223 4432 383 4514 Philipum
409 4446 439 4493 et
463 4431 626 4493 Thomam
651 4445 784 4494 constat.

327 4538 404 4600 ltem
431 4539 551 4620 Symon
586 4537 670 4599 lilius
694 4537 885 4621 Chepernye
919 4553 1027 4600 contra
1055 4539 1201 4599 Markum
1232 4538 1270 4599 de
1297 4538 1485 4602 Grachchan

221 4645 360 4726 quedam
387 4644 455 4724 jura
479 4664 535 4705 sua
559 4644 736 4726 producere
762 4645 866 4707 debet.

327 4750 406 4811 ltem
430 4770 522 4812 causa
542 4751 696 4813 Anthonii
715 4751 771 4813 lilii
790 4751 888 4812 Renis
909 4764 1018 4812 contra
1036 4748 1151 4832 Gyuan
1176 4751 1216 4812 ad
1234 4765 1382 4813 octavum
1400 4752 1487 4813 diem

224 4868 270 4915 est
294 4869 475 4936 prorogata.

1364 4945 1382 4976 ὕ
