3404 5362
220 307 281 367 154
579 283 779 363 Ann01378.
805 318 845 329 -
871 297 917 362 17.
940 285 1114 360 septembris.

320 499 397 560 Item
422 497 605 559 Anthonius
622 497 742 575 juratus
757 510 866 559 contra
887 497 1038 559 Tadeum
1055 512 1168 559 octavo
1185 495 1237 558 die
1262 509 1330 557 met
1345 495 1474 577 quintus

213 604 331 684 jurabit
356 605 386 666 in
420 624 470 681 eo,
502 604 589 685 quod
614 604 674 665 sibi
706 624 759 664 sex
790 605 903 665 marcis
934 605 1139 666 denarIorum
1170 615 1351 677 teneretur;
1376 601 1473 684 ipsam

213 723 321 772 autem
346 730 473 771 causam
499 711 585 772 idem
611 710 742 772 Tadeus
765 711 805 771 ad
826 710 976 792 antiquos
1000 710 1122 788 judIces
1145 707 1329 792 appellavit.

321 817 399 879 Item
422 817 582 898 predictus
606 817 721 879 Tadeo
746 817 850 877 eidem
869 817 1035 879 Anthonio
1056 837 1109 878 sex
1133 835 1247 898 pensas
1270 812 1475 875 denariorum

213 926 244 986 in
271 924 446 1006 quindenis
471 925 622 1002 exsolvet,
648 945 727 1006 quas
751 924 838 985 solus
865 923 1023 986 afirmavit
1046 936 1077 985 et
1099 942 1163 985 non
1189 923 1328 1003 negavit.

280 1165 424 1235 Sabbata
454 1167 607 1253 proximo
636 1172 713 1236 ante
742 1163 864 1236 festum
893 1161 1121 1234 ExaltacionIs
1150 1169 1265 1231 sancte
1294 1160 1415 1230 crucis.

567 1335 751 1408 ddjitdicacio
771 1336 898 1409 induam
922 1336 1114 1406 antiquorum.

706 1494 758 1573 (11
799 1494 979 1568 septembris).

321 1654 429 1714 Primo
455 1653 569 1714 Tadeo
594 1667 708 1713 octavo
741 1653 793 1715 die
816 1666 925 1715 contra
957 1652 1157 1714 Anthonium
1189 1651 1327 1733 juratum
1361 1648 1476 1730 jurabit

214 1775 279 1821 met
302 1759 464 1821 secundus
487 1779 582 1840 super
607 1778 657 1835 eo,
681 1760 769 1841 quod
795 1760 861 1840 ipse
886 1759 958 1841 plus
982 1759 1022 1820 de
1040 1759 1109 1840 ipso
1133 1777 1198 1819 non
1222 1756 1394 1837 recepisset
1417 1754 1477 1816 nisi

213 1880 369 1947 quantum
396 1879 456 1927 stat
481 1867 512 1926 in
529 1886 588 1927 suo
613 1866 743 1946 Iegistro
762 1866 792 1926 in
811 1879 916 1927 nostra
941 1865 1105 1947 presencia
1122 1878 1262 1940 ostenso,
1279 1876 1472 1944 peractoque

213 1971 393 2050 juramento
418 1992 470 2032 sex
488 1992 603 2053 pensas
628 1986 658 2033 et
674 1985 813 2053 quatuor
837 1972 985 2036 denarios
1005 1971 1109 2032 eidem
1127 1970 1292 2031 Anthonio
1317 1969 1478 2042 exsolvet;

213 2078 345 2160 ipseque
361 2078 543 2139 Anthonius
553 2077 668 2157 jurabit
678 2078 792 2139 eodem
806 2078 858 2139 die
872 2077 959 2159 quod
971 2077 1056 2138 idem
1068 2077 1181 2138 Tadeo
1194 2076 1253 2138 sibi
1268 2075 1348 2136 duas
1357 2074 1475 2156 sperlas

213 2203 271 2266 pro
296 2205 362 2246 uno
388 2199 418 2244 et
443 2185 551 2246 medio
584 2184 706 2247 floreno
740 2185 889 2261 dedisset,
914 2198 944 2245 et
976 2204 1041 2244 non
1066 2204 1123 2265 pro
1155 2183 1299 2264 pluribus
1323 2180 1471 2257 denariis,

213 2305 244 2352 et
268 2291 373 2352 eidem
391 2291 504 2352 Tadeo
526 2305 588 2351 tres
605 2306 636 2353 et
652 2292 791 2352 mediam
810 2311 923 2372 pensas
941 2291 1146 2351 denariorum
1164 2289 1285 2352 ibidem
1305 2287 1473 2369 persolvet.

215 2521 328 2599 'verta
356 2547 454 2599 sexta
491 2533 645 2617 proxima
674 2538 749 2618 post
776 2529 899 2601 festum
933 2527 1164 2600 Exaltacioms
1193 2535 1310 2598 sancte
1339 2528 1460 2597 crucis.

717 2688 778 2759 (17.
803 2685 984 2758 septembris).

321 2819 430 2879 PrImo
455 2818 625 2880 Chuethna
651 2822 794 2882 servitrix
821 2823 948 2883 Andree
982 2822 1093 2884 deceni
1120 2835 1228 2882 contra
1254 2820 1422 2881 Marenum
1446 2836 1479 2879 se

213 2944 272 2986 suo
297 2923 476 3002 juramento
502 2940 536 2986 ut
560 2926 672 2988 debuit
696 2930 890 3009 expurgavit.

321 3031 399 3092 Item
424 3049 517 3092 causa
551 3033 676 3094 Nicolai
710 3033 766 3094 filii
797 3035 925 3114 Angeli‚
960 3035 1045 3095 Luce
1070 3049 1101 3094 et
1133 3033 1256 3094 domini
1282 3030 1402 3114 Filippi
1436 3044 1481 3091 est

214 3156 270 3216 per
295 3136 450 3197 Iacobum
476 3137 555 3198 Bole
580 3138 619 3198 ad
644 3140 785 3218 primum
811 3139 964 3218 judicium
993 3154 1062 3221 post
1087 3138 1283 3200 vindemiam
1307 3149 1479 3219 prorogata

214 3257 245 3302 et
269 3256 393 3324 recepta
418 3242 458 3303 ad
483 3262 606 3323 pacem.

320 3348 398 3409 Item
423 3348 574 3410 dominus
599 3351 747 3434 Mychael
764 3352 921 3433 plebanus
939 3352 1039 3412 sancti
1057 3351 1211 3412 Iohannis
1228 3348 1267 3410 de
1293 3350 1386 3411 Nova
1403 3348 1479 3409 villa

215 3455 246 3514 in
272 3473 407 3535 persona
433 3455 559 3516 NicoIai
583 3456 640 3517 filii
674 3456 834 3537 Gregorii,
866 3457 1021 3519 Iohannis
1053 3472 1085 3519 et
1108 3457 1237 3519 Martini
1269 3476 1305 3518 ac
1330 3455 1481 3535 magister

214 3562 326 3622 Petrus
351 3562 391 3622 de
416 3561 507 3623 Cheh
533 3562 564 3622 in
590 3564 735 3643 personis
766 3563 907 3625 filiorum
939 3565 1077 3625 condam
1109 3564 1215 3645 Egidii
1247 3577 1278 3625 et
1302 3563 1382 3624 Justi
1407 3581 1480 3643 pro·

214 3665 387 3729 hibuerunt
411 3667 548 3729 Mathias
572 3666 673 3729 filium
692 3672 832 3752 otosnyk
856 3691 873 3731 a
898 3671 1089 3732 venditione
1114 3686 1145 3733 et
1161 3670 1242 3731 alios
1267 3668 1430 3751 quoslibet
1446 3685 1479 3728 se

215 3773 455 3834 intromissione
499 3772 538 3834 de
570 3774 709 3855 quadam
750 3776 848 3840 domo
887 3777 1025 3837 condam
1067 3776 1158 3837 Pauli
1195 3774 1377 3857 Debelych3
1414 3774 1481 3856 ipse

213 3892 321 3939 autem
347 3878 493 3960 Mathyus
517 3877 585 3957 jura
609 3880 634 3941 si
659 3900 721 3961 qua
746 3880 893 3943 hebuerit
916 3883 1021 3964 primo
1038 3883 1159 3961 judicio
1184 3895 1255 3964 post
1278 3880 1477 3942 vindemiam

214 4002 309 4064 super
334 3984 401 4064 Ipsa
426 3984 524 4045 domo
550 3985 716 4065 producet.

320 4088 397 4149 Item
424 4088 540 4171 Gyuan
566 4104 675 4152 contra
705 4092 851 4154 Markum
883 4094 1025 4156 secundo
1058 4095 1171 4156 citatus
1199 4112 1262 4155 non
1289 4093 1481 4176 comparuit.

320 4194 398 4256 Item
424 4195 582 4277 Georgius
606 4216 665 4257 suo
689 4199 875 4260 testimonio
900 4213 933 4261 ut
957 4201 1069 4262 debuit
1093 4200 1248 4263 atestavit.

320 4300 400 4361 Item
425 4300 600 4383 Gregorius
624 4315 654 4364 et
676 4303 835 4384 Georgius
853 4304 996 4386 Georgio
1028 4326 1148 4387 genero
1174 4306 1302 4368 Gerdne
1328 4306 1361 4367 in
1386 4306 1480 4387 quio·

215 4406 306 4466 denis
330 4420 453 4486 septem
477 4427 598 4470 marcas
621 4409 827 4471 denariorum
854 4413 1017 4474 exsolvere
1043 4413 1170 4475 debent.

321 4531 399 4593 ltem
423 4533 584 4595 Iohannes
608 4535 779 4615 assumpsit
802 4537 945 4617 quinque
975 4557 1097 4599 marcas
1121 4538 1326 4598 denariorum
1352 4537 1481 4598 solvere

215 4637 349 4699 Nicolao
367 4637 435 4699 filio
453 4638 662 4702 Odolastunc
678 4641 841 4722 temporis,
855 4643 986 4722 quando
1001 4644 1155 4705 Nicolaus
1171 4643 1320 4705 sacerdos
1336 4643 1398 4706 sibi
1411 4662 1480 4725 per·

214 4744 317 4806 solvet
333 4745 461 4806 easdem
479 4746 622 4827 quinque
639 4766 772 4825 marcas,
789 4749 906 4829 quibus
922 4750 982 4810 sibi
1002 4770 1060 4832 pro
1076 4750 1276 4812 fideiussorIa
1301 4750 1484 4812 teneretur3
