3404 5362
628 322 711 377 :lanu
737 330 822 397 1377.
858 354 889 361 —
912 333 963 393 29.
989 322 1067 379 maii.

328 531 405 592 Item
430 551 523 593 causa
555 532 698 612 magistri
731 531 856 593 Nicolai
890 530 946 592 filii
980 530 1153 592 Alexandri
1187 542 1218 591 et
1251 530 1407 613 Stephani
1434 528 1490 590 filii

224 637 356 718 Chopor
373 651 418 697 est
435 637 474 697 ad
492 637 806 718 quintumdecimum
827 637 913 698 diem
931 652 1101 718 prorogata
1118 637 1246 698 racione
1270 637 1487 719 quarumdam

221 743 470 824 possessionum,
495 744 534 803 de
559 744 676 824 quibus
697 743 801 824 ipsum
827 742 930 803 dictus
948 742 1128 824 Stephanus
1144 743 1310 826 prohibuit
1335 757 1366 804 et
1392 743 1489 804 inter·

221 848 310 927 dixit,
334 861 368 909 ut
393 849 463 931 ipso
488 849 624 911 termino
649 863 754 931 partes
778 849 919 930 predicte
944 848 1013 929 jura
1038 850 1216 932 producere
1240 849 1418 913 debebunt.

326 972 404 1034 Item
437 973 545 1035 Mathe
577 988 666 1035 sutor
698 987 808 1035 contra
841 974 1062 1035 Lehcumuald
1098 973 1241 1036 secundo
1276 974 1391 1036 citatus
1423 992 1489 1034 non

222 1079 411 1161 comparuit.

327 1184 403 1245 Item
430 1184 618 1246 Pauerlinus
642 1198 751 1247 contra
784 1186 1005 1248 Lehcumuald
1037 1187 1142 1268 primo
1171 1187 1284 1248 citatus
1307 1206 1373 1248 non
1399 1205 1487 1248 com·

220 1291 336 1371 paruit.

325 1399 403 1459 Item
430 1399 534 1459 Loure
568 1397 644 1460 feria
678 1400 775 1461 tercia
809 1420 864 1482 per
897 1401 1032 1461 Paulum
1065 1399 1105 1461 de
1135 1399 1322 1482 Lomnycha
1347 1414 1379 1462 et
1412 1399 1487 1463 Cle-

220 1519 362 1566 mentem
389 1504 569 1567 carnificem
594 1506 741 1568 atestabit
765 1520 874 1568 contra
899 1506 1084 1570 Bedicham.

327 1629 405 1690 Item
423 1629 583 1711 Georgius
607 1649 745 1691 assessor
762 1629 890 1692 Genino
915 1630 947 1691 in
972 1630 1144 1711 quindenis
1161 1630 1219 1691 XV
1239 1629 1307 1692 flor.
1333 1630 1487 1692 exsolvet.

325 1736 404 1797 Item
428 1736 612 1798 Alexander
629 1750 737 1798 contra
764 1736 928 1798 Geninum
949 1737 1053 1819 prImo
1071 1737 1184 1798 citatus
1201 1755 1265 1797 non
1291 1737 1486 1819 comparuit.

325 1842 402 1902 Item
428 1841 580 1903 Malinich
598 1856 708 1904 contra
722 1843 892 1905 Nicolaum
910 1843 1052 1905 secundo
1070 1843 1182 1904 citatus
1205 1862 1269 1903 non
1294 1844 1486 1925 comparuit.

323 1947 400 2008 Item
426 1946 492 2009 Cus
516 1959 626 2009 contra
651 1948 845 2031 Dyonisium
874 1947 998 2012 labrum
1032 1949 1137 2031 primo
1169 1948 1283 2010 citatus
1306 1968 1373 2010 non
1398 1968 1486 2011 com-

218 2051 335 2133 paruit.

324 2158 402 2220 Item
428 2161 616 2223 PauerIInus
647 2176 755 2224 contra
789 2161 943 2223 Mathiam
968 2175 1110 2222 sutorem
1142 2160 1249 2242 primo
1280 2160 1394 2221 citatus
1419 2179 1484 2221 non

218 2265 407 2346 comparuit.

323 2371 400 2433 Item
427 2372 533 2434 Mathe
557 2387 667 2435 contra
684 2372 865 2435 Iohannem
889 2374 996 2456 primo
1020 2375 1132 2436 citatus
1156 2393 1221 2434 non
1248 2374 1440 2455 comparuit.

323 2498 401 2560 Item
415 2498 534 2560 Paulus
546 2511 656 2560 contra
667 2497 774 2560 Mathe
784 2513 925 2561 sutorem
937 2499 1079 2560 secundo
1090 2499 1203 2560 citatus
1216 2518 1280 2560 non
1291 2498 1484 2580 comparuit.

325 2603 402 2664 Item
429 2602 600 2666 Chuethko
625 2617 735 2665 contra
766 2603 967 2666 Anthonium
1002 2606 1144 2667 secundo
1169 2605 1282 2667 citatus
1305 2624 1369 2666 non
1395 2624 1484 2666 com·

218 2709 334 2791 paruit.

323 2814 401 2877 Item
428 2815 587 2897 Georgius
611 2817 783 2899 calcaripar
816 2832 924 2879 contra
953 2816 1127 2899 Gyuanum
1153 2819 1257 2901 primo
1284 2818 1398 2879 citatus
1416 2837 1483 2879 non

216 2923 405 3003 comparuit.

322 3028 399 3089 Item
425 3030 575 3090 Marenus
599 3043 709 3091 contra
733 3029 817 3091 lwan
846 3031 915 3092 Noz
940 3031 1044 3112 primo
1070 3030 1182 3091 citatus
1206 3051 1271 3092 non
1289 3031 1483 3112 comparuit.

323 3134 400 3195 Item
425 3136 560 3198 Mathias
583 3136 809 3218 stipendiarius
840 3136 968 3198 Genino
987 3136 1111 3198 domini
1137 3136 1303 3198 Jacomelli
1329 3137 1360 3196 in
1386 3136 1482 3217 quin-

216 3239 307 3300 denis
329 3242 515 3321 quindecim
539 3242 608 3306 flor.
633 3244 701 3304 auri
727 3243 879 3307 exsolvet.

321 3364 400 3426 Item
425 3367 527 3427 Lucas
558 3367 688 3448 sellipar
720 3381 833 3428 octavo
865 3366 916 3428 die
948 3380 1058 3429 contra
1083 3367 1262 3429 Iohannem
1296 3365 1419 3428 Dedich
1443 3387 1479 3429 se

215 3483 320 3531 sextus
344 3470 460 3550 jurabit
486 3472 517 3532 in
542 3491 591 3551 eo,
616 3472 703 3553 quod
729 3472 795 3554 ipse
820 3492 876 3534 sua
901 3473 1036 3534 literalis
1057 3473 1276 3551 instrumenta,
1301 3491 1364 3554 qua
1388 3473 1477 3555 apud

216 3575 321 3657 Ipsum
346 3592 564 3640 conservasset
579 3579 838 3660 possessionaria,
860 3579 964 3641 nullas
989 3578 1098 3641 lecerit
1121 3578 1340 3641 fraudulenter
1364 3579 1420 3640 sed
1444 3580 1480 3642 in

214 3685 475 3744 concremacione
500 3684 634 3745 civitatis
657 3684 798 3766 predicte
823 3685 997 3746 extitissent
1023 3685 1257 3768 (concremate).

320 3805 398 3868 Item
424 3806 542 3868 Paulus
566 3807 675 3889 Kypar
699 3822 808 3868 contra
832 3807 1009 3889 Georgium
1026 3828 1217 3871 assessorem
1241 3809 1347 3890 prImo
1364 3809 1481 3871 citatus

215 3930 279 3972 non
304 3913 493 3994 comparuit.

318 4018 397 4080 Item
415 4019 610 4081 Laurencius
623 4033 732 4082 contra
743 4019 942 4102 Stephanum
955 4020 1061 4102 primo
1078 4022 1192 4083 citatus
1204 4041 1270 4083 non
1285 4021 1479 4103 comparuit.

212 4255 308 4328 Feria
337 4266 435 4329 sexta
464 4261 619 4347 proxima
646 4264 723 4348 post
750 4259 872 4330 festum
901 4260 1130 4330 sacratissimi
1159 4261 1311 4348 corporis
1340 4257 1478 4331 ChrIsti.

749 4412 813 4486 (29.
844 4410 939 4484 maii).

317 4551 394 4613 Item
421 4552 580 4634 Georgius
603 4565 713 4613 contra
737 4551 916 4612 Iohannem
949 4567 1062 4614 octavo
1089 4553 1141 4616 die
1166 4551 1385 4635 respondebit.

318 4659 395 4721 Item
420 4660 528 4720 relicta
553 4657 731 4721 sabastiani
765 4671 876 4719 contra
904 4659 1083 4722 Iohannem
1109 4662 1225 4723 Lieber
1250 4659 1355 4743 primo
1379 4660 1476 4722 citata

212 4783 276 4825 non
302 4764 489 4847 comparuit.
