3398 5364
473 1458 620 1555 (Anno
650 1456 832 1549 Domini
862 1454 1196 1554 MCCCLXXXH).

237 1812 344 1906 Nota,
373 1815 469 1914 quod
496 1823 662 1913 tempore
686 1814 867 1912 judicatus
892 1815 1061 1915 Johannis
1088 1813 1229 1892 Vassas
1258 1815 1318 1892 filii
1346 1815 1448 1892 Mark

284 1936 415 2036 judicis
444 1961 538 2013 anno
568 1935 712 2013 Domini
742 1937 929 2013 millesimo
964 1937 1199 2016 CCCLXXX
1227 1941 1398 2016 secundo.

317 2184 395 2246 item
414 2185 529 2265 primo,
546 2184 740 2246 denotantur
757 2184 807 2246 hic
832 2184 840 2264 j
851 2186 975 2264 urati,
1000 2185 1168 2248 videlicet:
1194 2185 1375 2269 Stephanus
1391 2185 1475 2248 filius

215 2290 310 2373 Vysk,
335 2290 472 2352 Mathias
495 2290 580 2353 filius
613 2291 778 2369 iohannis,
810 2291 973 2374 Myklinus
1004 2291 1088 2353 filius
1114 2293 1279 2372 iohannis,
1312 2293 1474 2354 iohannes

215 2397 297 2460 filius
330 2398 495 2477 Hermam,
528 2398 725 2460 Laurencius
747 2397 831 2459 filius
863 2398 1011 2477 Thome,
1045 2398 1183 2481 Gyanyn
1216 2398 1300 2462 filius
1332 2399 1476 2477 Dorethi,

214 2505 364 2566 Nicolaus
386 2502 583 2587 Odolasych‚
608 2503 783 2584 Gregorius
807 2504 909 2566 dictus
933 2505 1107 2588 Voschayr.

319 2627 397 2689 Item
423 2627 668 2689 consiliarii
694 2628 738 2689 sic
770 2628 995 2689 nominantur:
1021 2629 1174 2691 Nicolous
1207 2630 1344 2690 condam
1369 2628 1476 2710 judex,

214 2733 389 2815 Gregorius
411 2734 539 2814 Angeli,
557 2734 719 2796 Johannes
735 2733 820 2795 filius
836 2734 932 2813 Petri,
949 2734 1095 2796 Thomas
1114 2736 1297 2817 calmripar,
1315 2734 1476 2797 Johannes

212 2838 296 2902 filius
320 2840 416 2918 Petri,
441 2875 482 2885 -
507 2840 539 2900 in
565 2840 674 2920 lingua
700 2841 908 2921 hungaricali.

318 2963 397 3025 item
421 2964 559 3026 Jacobus
575 2964 655 3026 Bole
676 2964 815 3026 condam
832 2964 937 3044 judex,
956 2964 1103 3047 Mychael
1120 2963 1356 3048 Orthophlych‚
1374 2964 1476 3027 Geor·

213 3069 283 3152 gius
299 3068 384 3131 filius
401 3069 568 3148 Hermoni,
586 3069 778 3132 Perhtoldus
795 3069 879 3131 filius
903 3070 1046 3153 Phynch‚
1067 3069 1183 3133 Worih
1200 3069 1286 3133 filius
1310 3070 1476 3149 Hermani,

214 3211 253 3220 -
279 3176 312 3237 in
336 3175 447 3257 lingua
471 3176 714 3239 theuthonicali.

319 3300 397 3362 item
422 3300 573 3363 dominus
590 3302 789 3363 Jakumellus
807 3302 920 3385 Kyrini
936 3301 1074 3364 condam
1092 3301 1366 3380 judex‚·dominus
1390 3302 1476 3363 Luca

214 3406 352 3485 Bonioli‚
387 3406 527 3488 judices;
552 3406 720 3490 Philippus
745 3408 859 3487 Mauri,
885 3407 1023 3491 Gyanyn
1056 3407 1139 3470 iilius
1163 3408 1349 3490 Mychaeiis,
1373 3408 1476 3469 Bene·

214 3513 315 3575 dictus
338 3513 477 3574 Rambol
501 3549 544 3559 —
568 3513 680 3595 lingua
703 3513 841 3595 galicali.

318 3636 398 3698 Item
422 3635 574 3698 dominus
606 3637 772 3719 Mykusius
804 3636 997 3699 iilius1wan
1022 3637 1159 3699 condam
1193 3636 1298 3717 judex,
1323 3637 1476 3698 dominus

216 3743 403 3804 Franciscus
419 3741 505 3804 filius
518 3743 616 3804 Marci
634 3742 771 3805 condam
788 3742 894 3824 judex,
913 3744 1062 3804 Marenus
1079 3742 1163 3804 filius
1175 3743 1306 3821 Cosme,
1323 3741 1477 3826 Gyurgek

214 3849 396 3930 calcaripar,
422 3849 508 3910 Iwan
533 3847 617 3910 filius
643 3849 760 3911 Mathei
785 3885 827 3894 —
853 3850 961 3931 lingua
989 3849 1204 3912 sclavonicali.

319 3989 420 4053 Nota!
457 3991 545 4071 quod
577 4003 722 4072 tempore
753 3991 911 4072 judicatus
943 3991 1076 4072 predicti
1109 3991 1264 4053 iohannis
1287 3991 1386 4054 Vasas
1419 3991 1476 4053 filii

216 4096 313 4160 Marci
338 4096 462 4158 eteius
484 4095 661 4177 juratorum
680 4110 711 4158 et
734 4096 992 4158 consiliariorum
1017 4117 1073 4180 per
1088 4111 1187 4160 totam
1212 4097 1476 4159 communitatem

215 4216 343 4285 propter
366 4201 522 4284 quasdam
547 4202 690 4283 ipsorum
715 4203 918 4265 necessitates
942 4204 1107 4265 evitandas
1130 4204 1163 4264 in
1186 4203 1329 4284 generali
1363 4221 1476 4263 eorum

215 4309 349 4371 consilio
374 4321 420 4371 est
443 4308 607 4371 decretum
632 4323 663 4371 et
687 4323 851 4388 statutum,
876 4310 964 4391 quod
988 4311 1013 4370 si
1035 4310 1151 4390 aliquis
1174 4330 1212 4372 ex
1237 4309 1476 4371 civitatensibus

215 4415 354 4497 aliquem
367 4414 533 4476 hominem
546 4430 742 4493 extraneum,
753 4415 919 4477 inimicum
929 4415 1078 4477 videlicet
1091 4417 1237 4491 civitatis,
1249 4428 1334 4477 extra
1345 4433 1472 4477 murum

214 4522 352 4585 civitatis
375 4536 406 4584 et
429 4523 498 4583 eius
521 4523 682 4584 territorio
706 4522 1013 4604 quomodocumque
1032 4523 1062 4583 in
1086 4543 1140 4583 sua
1168 4520 1354 4584 defensione
1381 4521 1478 4582 inter·

216 4625 335 4707 iecerit,
359 4642 474 4690 extunc
506 4628 580 4689 talis
610 4626 795 4690 interfector
829 4648 885 4689 seu
915 4629 1125 4710 interemptor
1147 4628 1220 4689 exui
1252 4627 1389 4690 civitatis
1413 4645 1477 4688 non

215 4733 254 4795 sit
277 4753 383 4816 neque
406 4734 570 4796 civitatem
603 4735 736 4816 perdere
768 4734 878 4816 possit,
911 4753 968 4796 nec
1003 4735 1034 4795 in
1067 4753 1203 4815 persona
1237 4752 1294 4792 nec
1326 4732 1358 4792 in
1383 4732 1479 4792 rebus

216 4838 351 4905 ledatur.
