3404 5362
485 372 574 429 Anno
596 382 684 448 1377.
709 404 750 414 —
776 386 823 447 13.
846 373 954 432 martii.
1318 371 1354 431 81

199 580 277 641 Item
315 579 476 663 Georgius
507 593 618 643 contra
649 580 889 664 Wlkouycham
923 594 1036 643 octavo
1066 581 1118 643 die
1150 601 1206 664 per
1237 580 1360 664 Grego·
1425 594 1431 605 '

102 685 178 747 rium
203 700 234 748 et
257 685 402 748 Blasium
426 685 608 769 tatestabit)‚
633 686 721 767 quod
750 687 816 769 ipse
848 702 971 770 septem
999 687 1135 750 cubulos
1159 687 1246 749 bladi
1275 687 1362 770 apud

99 790 195 873 ipsam
225 806 452 854 conservasset.

201 897 289 968 Item¹
306 917 400 959 eausa
425 899 549 960 Mareni
575 914 606 962 et
630 898 808 961 Clementis
825 912 935 960 contra
959 899 1131 961 Nicolaum
1155 898 1282 961 Crisani
1313 911 1361 961 est

100 1023 151 1086 per
176 1003 371 1085 Gregorium
396 1005 513 1086 Angeli
538 1017 569 1067 et
593 1005 762 1066 MicIInum
787 1004 827 1066 ad
844 1018 918 1067 octo
943 1004 1011 1065 dies
1035 1017 1161 1086 recepta
1178 1004 1219 1066 ad
1235 1024 1360 1087 pacem.

200 1128 278 1190 Item
303 1128 456 1190 Herticus
487 1127 618 1211 pellifex
649 1142 758 1190 contra
783 1128 925 1190 Iwanum
957 1128 997 1190 de
1028 1129 1140 1190 Lonlta
1164 1141 1278 1190 octavo
1304 1128 1358 1190 die

99 1234 312 1317 respondebit.

200 1341 281 1402 Item
305 1340 463 1402 Martinus
488 1341 583 1424 Piper
614 1352 724 1402 contra
756 1339 915 1401 lanchecb
940 1338 1138 1402 aurifabrum
1169 1352 1284 1403 octavo
1308 1340 1360 1402 die

98 1448 160 1510 sola
186 1466 323 1529 persona
347 1446 465 1527 jurabit
488 1447 618 1511 racione
643 1446 738 1508 unius
763 1446 864 1508 bovis.

199 1554 278 1615 Item
302 1550 465 1614 Iohannes
489 1566 599 1615 contra
617 1551 811 1635 Gregorium
828 1552 934 1634 primo
951 1551 1065 1614 citatus
1087 1571 1154 1613 non
1169 1549 1360 1634 comparuit.

199 1679 278 1740 Item
302 1697 397 1740 causa
421 1678 520 1739 Marci
553 1691 583 1739 et
608 1676 745 1761 Mykech
770 1677 809 1739 de
834 1675 983 1738 KIokoch
1015 1689 1061 1739 est
1084 1696 1141 1758 per
1165 1677 1360 1760 Dyonisium

98 1784 133 1845 ad
158 1799 232 1846 octo
257 1783 326 1845 dies
349 1797 475 1866 recepta
500 1783 539 1845 ad
565 1803 687 1866 pacem.

198 1890 279 1953 Item
310 1890 427 1970 longus
458 1890 571 1952 Petrus
603 1903 649 1951 est
681 1889 847 1952 convictus
879 1888 1021 1970 Georgio
1053 1888 1157 1971 jurato
1188 1889 1228 1950 III
1252 1891 1360 1972 pensis

98 1995 313 2058 denariorum.

199 2101 278 2163 Item
302 2100 486 2163 Anthonius
503 2101 660 2184 Zytarych
685 2113 795 2163 contra
809 2100 987 2181 Georgium
1011 2100 1151 2183 juratum
1175 2113 1289 2163 octavo
1306 2100 1359 2163 die

99 2207 313 2289 respondebit.

200 2312 280 2375 Item
298 2311 475 2394 Dyonisius
498 2312 647 2374 sacerdos
678 2326 788 2375 contra
813 2315 891 2376 Wlk
923 2330 1037 2377 octavo
1069 2313 1121 2375 die
1145 2333 1202 2396 per
1226 2332 1359 2375 uxorem

99 2418 262 2482 Benedicti
286 2416 377 2500 figuli
401 2431 433 2481 et
457 2439 589 2482 uxorem
614 2419 770 2502 Dragech‚
795 2420 883 2502 quod
908 2420 1014 2504 ipsum
1039 2419 1277 2501 vituperaverit.

201 2544 280 2605 Item
297 2542 451 2604 Nicolaus
474 2542 559 2606 filius
583 2543 709 2606 Nicolai
730 2545 996 2608 contraBlasium
1020 2545 1219 2607 sacerdotem
1243 2556 1357 2606 octavo

98 2649 146 2711 die
170 2648 390 2732 respondebit.

200 2755 277 2816 Item
295 2755 408 2817 Marko
425 2755 539 2818 Putani
557 2768 666 2817 contra
683 2756 870 2838 magistrum
889 2757 1024 2819 Paulum
1049 2771 1163 2820 octavo
1182 2757 1233 2819 die
1250 2777 1282 2818 se
1298 2771 1360 2818 ter·

97 2861 160 2922 cius
182 2859 300 2942 jurabit
324 2860 355 2921 in
378 2880 428 2939 eo,
452 2861 539 2943 quod
565 2861 632 2943 ipse
649 2881 739 2924 suam
764 2882 896 2924 uxorem
913 2868 1017 2925 Anam
1037 2878 1193 2942 vocatam,
1217 2862 1281 2945 jam
1306 2862 1360 2924 de·

99 2963 250 3046 functam,
264 2986 329 3028 non
342 2968 542 3049 percusserit,
559 2987 618 3030 nec
630 2988 686 3051 per
698 2988 789 3030 suam
801 2970 1040 3052 percussionem
1053 2982 1179 3031 mortua
1196 2969 1358 3031 extitisset.

200 3090 279 3153 Item
304 3090 518 3153 mercenarius
542 3092 640 3154 Marci
665 3107 779 3155 octavo
801 3093 853 3156 die
870 3107 980 3156 contra
1005 3094 1145 3156 eundem
1168 3094 1357 3175 magistrum

100 3195 231 3258 Paulum
256 3195 374 3278 jurabit
397 3216 429 3257 se
460 3198 588 3278 tercius,
620 3199 708 3280 quod
740 3199 846 3282 ipsum
877 3200 909 3261 in
941 3214 1034 3262 nocte
1058 3200 1098 3261 ad
1130 3211 1267 3262 mortem
1294 3220 1359 3262 non

100 3316 301 3384 expectasset.

201 3408 280 3470 Item
303 3410 379 3491 quia
404 3411 567 3492 quandam
591 3411 720 3473 vineam
744 3411 881 3474 condam
911 3411 1040 3474 Andree
1065 3412 1141 3475 dicti
1166 3412 1269 3475 Kozel
1293 3432 1361 3474 tua-

100 3514 193 3594 gister
216 3515 406 3578 Franciscus
429 3514 525 3597 judex
548 3529 702 3599 tanquam
724 3518 962 3581 commissarius
986 3538 1044 3599 pro
1068 3519 1230 3599 sexaginta
1246 3518 1361 3580 marcis

101 3621 304 3701 vendidisset,
330 3622 416 3684 Luca
440 3635 548 3684 autem
572 3636 739 3705 tamquam
771 3624 851 3686 alter
883 3624 1122 3686 commissarius
1146 3644 1204 3706 pro
1234 3638 1360 3707 septua-

102 3727 182 3806 ginta
209 3727 325 3789 marcis
341 3727 548 3808 vendidisset,
573 3748 649 3810 ergo
667 3729 768 3811 ipsam
781 3730 909 3791 vineam
926 3729 1102 3811 proxImior
1118 3730 1217 3811 ipsius
1233 3729 1362 3791 Andree

102 3852 156 3915 pro
180 3833 332 3917 predictis
355 3835 558 3917 septuaginta
574 3835 689 3897 marcIs
709 3835 915 3898 denariorum
932 3836 1067 3897 liberam
1084 3836 1215 3898 habebit
1232 3835 1361 3898 emendi

104 3935 295 4017 facultatem,
319 3959 417 4022 quam
441 3940 667 4002 vendicionem
692 3941 778 4002 idem
798 3942 884 4003 Luca
908 3941 1059 4025 allegavit
1082 3961 1190 4004 coram
1213 3942 1317 4007 nobis.

203 4063 283 4124 Item
300 4062 416 4125 domus
440 4064 577 4126 condam
602 4062 757 4126 Anthonii
790 4065 866 4127 dicti
891 4065 1052 4143 Plathnar,
1073 4065 1214 4127 mediam
1239 4066 1361 4128 curiam

104 4169 329 4247 continentem,
361 4169 402 4230 ad
422 4189 537 4231 manus
561 4168 710 4252 Gregorii
741 4170 817 4233 dicti
845 4191 956 4233 voscar
986 4170 1250 4251 statuissemus,
1281 4184 1362 4234 tam·

103 4292 194 4355 quam
211 4276 299 4358 prius
322 4275 507 4338 Anthonius
530 4277 767 4339 commissarius
793 4277 983 4360 Magdalene
1007 4278 1112 4361 puelle
1137 4277 1201 4340 filie
1225 4278 1361 4361 predicti

105 4381 267 4461 Anthonii‚
291 4382 553 4446 conservandam.

202 4488 281 4550 Item
319 4488 426 4550 Mathe
458 4487 618 4571 gladiator
656 4503 765 4552 contra
801 4490 964 4552 Jaklinum
999 4490 1104 4573 primo
1138 4491 1251 4554 citatus
1295 4511 1361 4554 non

106 4594 289 4676 comparuit.

204 4715 282 4778 Item
305 4715 466 4798 gladiator
491 4717 524 4779 in
548 4718 647 4780 domo
679 4718 811 4782 domine
835 4719 929 4783 Clare
961 4721 1104 4784 residens
1127 4733 1236 4783 contra
1261 4721 1363 4783 Luca·

108 4819 183 4883 sium
207 4822 379 4905 pellificem
403 4838 492 4886 actor
516 4825 654 4887 existens
678 4846 744 4889 non
768 4827 959 4910 comparuit.

1239 4916 1257 4976 6
