3404 5362
603 355 805 434 Ann01382.
831 393 872 402 -
896 373 948 433 29.
972 361 1086 433 aprilis.
1425 380 1479 441 ¹7¹

217 465 246 470 —.
275 464 1053 471 ——-—-—-.-—-—..-—.—-——--—-
1094 467 1155 471 ..—
1191 468 1194 472 .
1249 466 1358 472 —..-

215 570 494 651 qualitercumque
520 569 686 649 bucusque
711 569 793 630 inter
817 569 903 650 ipsos
926 570 1096 631 dominum
1113 570 1325 632 Jacomellum
1350 584 1381 631 et
1406 570 1485 632 Gre-

213 675 343 756 gorium
368 689 513 757 pretextu
538 676 699 736 bonorum
724 675 862 736 condam
882 676 1027 737 annotati
1046 676 1177 738 Martini
1203 676 1318 737 Katiue
1343 676 1484 737 reddidi·

215 801 287 879 mus
312 796 342 842 et
367 781 590 843 commisimus
614 780 811 861 expeditum.

322 905 400 966 Item
425 905 577 966 dominus
602 904 726 965 Blasius
743 919 849 966 custos
878 918 988 967 contra
1006 905 1160 967 Mathiam
1178 906 1318 985 juratum
1341 904 1484 967 secundo

213 1011 329 1073 citatus
353 1031 418 1072 non
443 1012 636 1093 comparuit.

322 1118 400 1179 Item
425 1116 586 1199 Georgius
618 1131 649 1180 et
680 1118 871 1180 Valentinus
903 1133 1017 1181 octavo
1050 1119 1102 1181 die
1130 1139 1226 1201 super
1258 1138 1297 1179 eo
1322 1118 1483 1198 jurabunt,

213 1223 303 1304 quod
330 1223 471 1306 P(aulus)
496 1223 662 1303 quoddam
680 1224 815 1306 pallium
835 1225 866 1285 in
887 1223 1021 1285 domurn
1038 1224 1114 1285 dicti
1133 1225 1265 1306 Georgii
1287 1244 1353 1285 non
1377 1236 1483 1305 porta·

211 1331 293 1391 verit
317 1349 423 1412 neque
446 1331 524 1390 sciat
549 1331 604 1391 ubi
628 1331 734 1412 ipsum
758 1330 894 1412 pallium
920 1329 1024 1392 fuerit.

320 1454 398 1515 Item
425 1454 555 1515 Lachko
580 1454 746 1536 Borcbycb
772 1469 882 1516 contra
907 1454 1066 1516 Iancbecb
1085 1468 1240 1517 sartorem
1264 1453 1407 1516 secundo
1439 1451 1482 1513 ci·

211 1574 297 1622 tatus
322 1580 387 1621 non
413 1561 602 1641 comparuit.

320 1666 398 1727 Item
423 1666 593 1748 Philippus
616 1665 734 1746 figulus
757 1680 866 1728 contra
892 1666 1014 1728 dictum
1047 1667 1206 1729 Jancbecb
1230 1668 1334 1747 primo
1368 1667 1482 1729 citatus

212 1793 278 1835 non
305 1773 495 1854 comparuit.

319 1879 396 1941 Item
422 1879 511 1960 quod
543 1879 618 1959 quia
651 1878 761 1941 Curko
793 1894 882 1942 sutor
914 1880 1072 1961 quosdam
1105 1879 1253 1941 bomInes
1284 1879 1482 1961 potenciaria

211 1999 340 2067 peracta
357 2000 558 2068 perpetratos
573 2000 711 2047 statuere
729 1986 851 2047 debens
868 2006 932 2047 non
950 1987 1070 2062 statuit,
1088 1986 1162 2048 ideo
1181 1987 1212 2047 In
1238 1986 1350 2048 decem
1367 1985 1482 2047 marcis

212 2106 259 2153 est
284 2093 451 2153 convictus
482 2106 593 2153 contra
625 2092 761 2153 Paulum
795 2091 897 2153 filium
922 2094 1028 2169 Nouk‚
1054 2107 1084 2154 et
1116 2094 1243 2154 racione
1269 2111 1479 2175 expensarum

211 2218 269 2280 per
295 2198 400 2279 ipsum
427 2198 565 2259 Paulum
589 2196 744 2259 factarum
770 2219 807 2259 ex
832 2212 920 2280 parte
945 2199 1020 2259 dicti
1045 2197 1155 2260 Curko
1180 2198 1304 2277 justicia
1328 2198 1391 2260 fiet.

235 2308 239 2315 ¹
318 2320 397 2382 Item
421 2321 510 2402 quod
536 2321 610 2402 quia
636 2321 752 2404 Gyuan
776 2321 988 2384 tricesimator
1004 2322 1142 2383 condam
1167 2322 1288 2402 juratus
1311 2321 1397 2402 juxta
1421 2341 1479 2383 no·

210 2441 308 2488 stram
333 2426 533 2505 judiciariam
568 2427 829 2489 commissionem
854 2447 909 2509 per
933 2448 992 2489 nos
1015 2429 1054 2488 ad
1087 2448 1216 2510 presens
1240 2426 1357 2489 factam
1384 2446 1480 2509 super

211 2552 263 2610 eo,
288 2533 375 2614 quod
403 2533 469 2614 ipse
494 2533 669 2614 quemdam
693 2553 814 2614 equum
846 2534 903 2594 roh
933 2534 1061 2611 coloris,
1093 2553 1189 2615 quem
1215 2534 1372 2595 Martinus
1395 2533 1480 2595 filius

212 2638 368 2700 lobannis
393 2637 452 2700 rufi
478 2657 571 2700 suum
596 2658 664 2700 esse
689 2641 860 2717 asserebat,
885 2659 982 2720 quem
1007 2640 1108 2701 eciam
1126 2659 1246 2721 equum
1271 2640 1404 2720 quidam
1422 2640 1480 2700 bo·

211 2746 316 2807 mines
340 2765 397 2827 per
420 2758 483 2807 tres
508 2745 576 2806 dies
600 2745 633 2806 in
657 2744 728 2806 Ioro
752 2759 863 2807 nostro
880 2744 1048 2807 manifeste
1072 2747 1285 2808 conducendo
1309 2746 1380 2809 aliis
1403 2766 1479 2807 ven·

211 2851 333 2913 dIcioni
358 2871 519 2933 exponere
544 2851 724 2929 voluerant,
748 2866 843 2933 prout
868 2851 897 2912 id
924 2853 1026 2934 ipsam
1054 2852 1281 2914 vendicionem
1305 2871 1361 2933 per
1384 2865 1481 2912 testes

211 2955 356 3020 efficaces
381 2957 448 3038 ipse
474 2956 591 3039 Gyuan
608 2958 841 3038 comprobavit,
865 2959 1063 3019 subtractum
1080 2959 1238 3036 nescierit,
1262 2940 1477 3038 juramentum

211 3062 351 3145 prestitit
375 3076 409 3123 ut
433 3061 580 3140 debebat,
603 3062 677 3123 ideo
702 3063 807 3144 ipsum
832 3062 949 3146 Gyuan
974 3083 1070 3145 super
1094 3064 1255 3145 premissis
1279 3063 1480 3124 reddidimus

211 3168 412 3250 expeditum3
428 3169 650 3229 commisimus
671 3169 900 3231 nichilominus
917 3184 952 3230 ut
968 3170 993 3230 si
1011 3169 1173 3251 predictus
1196 3170 1353 3230 Martinus
1371 3169 1476 3251 ipsum

212 3294 332 3356 equum
358 3295 417 3356 pro
441 3287 528 3336 tanta
553 3276 701 3356 pecunia,
725 3295 784 3357 pro
808 3296 871 3357 qua
904 3275 1009 3357 ipsum
1035 3276 1152 3358 Gyuan
1184 3276 1272 3354 emit,
1297 3277 1337 3336 ab
1362 3276 1477 3337 eodem

212 3379 328 3464 Gyuan
353 3380 378 3441 si
403 3380 542 3442 voluerit
566 3380 724 3442 redimere
748 3382 857 3464 possit.

368 3615 466 3689 Feria
494 3620 602 3690 tercIa
630 3621 783 3707 proxima
807 3626 884 3708 post
912 3619 1034 3691 festum
1062 3623 1171 3692 sancti
1201 3621 1317 3692 IIarci.

739 3787 807 3867 (29.
838 3791 966 3865 aprilis).

314 3944 393 4006 Item
426 3945 554 4008 Gerdak
593 3962 703 4009 contra
736 3948 906 4009 dominum
943 3949 1093 4010 abbatem
1125 3948 1230 4029 primo
1264 3950 1378 4012 citatus
1410 3969 1476 4011 non

211 4052 401 4133 comparuit.

315 4157 395 4218 Item
419 4159 621 4240 Margaretha
652 4160 795 4221 salivena
827 4175 936 4223 contra
970 4160 1149 4242 Georgium
1177 4162 1337 4224 literatum
1371 4163 1476 4244 primo

210 4263 303 4325 citata
327 4283 392 4325 non
418 4266 608 4346 comparuit.

315 4368 394 4430 Item
419 4389 513 4431 causa
538 4370 715 4450 Margarete
734 4370 877 4431 mulieris
901 4383 1012 4432 contra
1033 4371 1166 4433 Hancbe
1191 4387 1334 4435 sutorem
1358 4374 1398 4434 ad
1423 4393 1475 4435 oc·

209 4489 319 4537 tavum
345 4476 431 4538 diem
456 4477 495 4537 ad
521 4496 633 4558 pacem
658 4490 704 4538 est
728 4491 863 4559 recepta.

316 4582 394 4645 Item
408 4583 523 4664 Jaklyn
538 4597 647 4644 contra
661 4584 846 4645 Ladislaum
859 4585 943 4645 tular
956 4584 1060 4666 primo
1074 4585 1187 4646 citatus
1201 4604 1266 4647 non
1284 4587 1476 4667 comparuit.

315 4689 393 4751 Item
419 4708 513 4750 causa
537 4688 661 4751 domini
689 4691 778 4752 Luka
810 4705 920 4752 contra
946 4690 1053 4752 Endre
1086 4691 1152 4773 Syb
1176 4706 1222 4752 est
1246 4691 1286 4752 ad
1309 4706 1382 4754 octo
1407 4692 1477 4754 dies

208 4811 391 4879 prorogata.
