3404 5362
596 330 683 386 Anno
706 326 799 405 1384.
826 361 866 371 —
891 343 939 388 12.
955 327 1109 407 janmrir'.
1422 350 1484 409 215

323 536 403 598 ltem
427 541 521 597 Anna
554 537 671 599 mulier
702 551 817 599 octavo
849 537 901 600 die
933 539 1075 599 secundo
1107 559 1140 600 se
1172 558 1267 621 super
1291 559 1330 600 eo
1355 538 1482 619 jurabit,

218 642 305 725 quod
332 643 398 726 ipsa
422 643 547 726 palium
571 644 682 706 Kuslto
707 664 772 706 non
797 644 998 707 subtraxerit.

323 750 402 811 ltem
420 750 586 812 Emericus
599 764 710 812 contra
724 749 832 812 Endre
844 750 910 834 Syb
923 750 1066 813 secundo
1083 751 1197 812 citatus
1210 770 1275 813 non
1293 754 1484 834 comparuit.

323 855 401 917 ltem
434 854 611 937 Gregorius
644 855 887 940 Chudauchych
919 871 1028 919 contra
1062 856 1260 940 Stephanum
1293 872 1407 920 octavo
1432 858 1483 920 die

216 961 433 1046 respondebit.

321 1069 401 1131 Item
437 1069 528 1131 Hans
563 1068 642 1132 Scol
671 1068 785 1133 Raden
824 1089 882 1152 pro
916 1069 1049 1131 vulnere
1089 1090 1148 1131 suo
1183 1070 1485 1133 terciamdimidiam

215 1194 338 1237 marcas
362 1194 464 1257 usque
487 1174 669 1257 quindenas
692 1176 817 1238 solvere
842 1176 947 1238 debet.

321 1281 400 1343 ltem
432 1281 517 1343 lwan
544 1281 696 1365 Loytrich
720 1281 863 1345 secundo
887 1302 920 1344 se
951 1295 1065 1345 octavo
1090 1283 1140 1344 die
1173 1303 1267 1366 super
1292 1302 1330 1345 eo
1353 1282 1481 1364 jurabit,

215 1386 304 1468 quod
330 1387 398 1470 ipse
422 1402 605 1450 consortem
629 1386 713 1450 lwan
739 1407 804 1450 non
832 1390 1029 1450 verberasset
1053 1408 1158 1470 neque
1183 1389 1400 1470 vituperasset.

320 1492 400 1555 ltem
424 1512 557 1555 consors
580 1493 673 1556 Radk
697 1494 839 1556 secundo
864 1515 897 1557 se
924 1514 1019 1577 super
1043 1515 1082 1556 eo
1111 1494 1239 1576 jurabit,
1264 1495 1352 1576 quod
1377 1495 1477 1577 ipsam

216 1618 316 1681 usque
344 1599 533 1662 effusionem
558 1601 724 1680 sanguinis
747 1603 942 1664 verberasset
968 1621 1099 1663 consors
1122 1602 1251 1664 Andree
1275 1602 1427 1665 salivene.

320 1706 399 1769 ltem
423 1726 517 1769 causa
542 1707 699 1770 Anthonii
732 1709 831 1770 Renis
862 1722 971 1770 contra
997 1707 1113 1791 Gyuan
1145 1707 1185 1770 ad
1210 1722 1360 1771 octavum
1391 1709 1478 1771 diem

215 1813 253 1873 ad
278 1833 392 1896 pacem
417 1828 464 1875 est
487 1828 625 1897 recepta.

320 1920 398 1982 ltem
431 1920 595 1982 Johannes
618 1935 707 1983 sutor
731 1934 846 1983 octavo
871 1921 923 1983 die
954 1941 1050 2004 super
1081 1941 1120 1983 eo
1144 1921 1272 2002 jurabit,
1304 1920 1392 2002 quod
1417 1923 1483 2004 ipse

215 2027 361 2089 nescierit
386 2027 549 2108 quandam
574 2028 695 2107 kutem,
722 2027 810 2108 quod
834 2026 930 2090 fuerit
953 2029 1123 2089 subtracta.

319 2132 397 2194 ltem
422 2133 511 2215 quod
536 2134 612 2215 quia
638 2134 761 2216 Dragos
785 2134 870 2196 filius
899 2134 1052 2217 Stephani
1084 2135 1225 2198 salivene
1250 2154 1346 2217 quam
1371 2135 1479 2215 sepius

217 2237 245 2298 in
270 2238 442 2301 manifesto
467 2238 631 2303 lurticinio
656 2254 702 2302 est
718 2254 872 2323 repertus,
897 2241 970 2302 ideo
994 2242 1019 2302 si
1037 2242 1069 2302 in
1094 2243 1212 2303 tenutis
1234 2243 1317 2304 dicte
1342 2242 1477 2303 civitatis

216 2345 343 2426 reperiri
367 2346 494 2427 poterit,
519 2359 656 2409 extunc
680 2366 739 2429 pro
765 2345 834 2408 fure
863 2346 1033 2409 manifesto
1058 2347 1210 2430 captivari
1236 2348 1361 2410 debeat.

281 2547 378 2622 Feria
407 2554 514 2623 tercia
542 2555 697 2641 proxima
726 2568 803 2640 post
831 2552 956 2623 festum
984 2547 1250 2638 Epiphaniarum
1278 2552 1414 2621 domini.

605 2700 707 2783 (Anno
730 2702 822 2783 1384,
848 2717 896 2764 12.
912 2701 1083 2782 januaria).

318 2842 397 2904 ltem
422 2816 509 2925 quod
535 2844 610 2926 quia
635 2845 716 2906 circa
742 2845 878 2906 Paulum
903 2844 1064 2904 literatum
1090 2841 1191 2904 filium
1214 2843 1391 2906 Clementis
1414 2845 1473 2906 tria

216 2945 291 3010 lalsa
315 2949 420 3030 sigilla
453 2951 645 3029 invenimus,
677 2964 803 3012 etcum
829 2949 905 3031 ipsis
928 2949 1041 3029 sigillis
1074 2949 1189 3010 multas
1213 2947 1364 3011 falsitates
1390 2950 1476 3012 idem

216 3052 321 3118 iecisse
347 3071 393 3119 est
416 3071 570 3139 repertus,
591 3057 665 3119 ideo
682 3058 787 3140 ipsum
812 3057 944 3119 cremari
962 3054 1096 3118 fecimus
1118 3070 1148 3118 et
1173 3056 1346 3136 comburri,
1372 3075 1411 3119 ne
1436 3059 1475 3119 ab

215 3180 250 3225 eo
274 3163 381 3226 forent
405 3165 588 3247 exemplati.

316 3270 395 3332 ltem
428 3270 605 3352 Gregorius
636 3269 731 3332 frater
762 3270 912 3332 Damiani
948 3284 1057 3332 contra
1089 3269 1191 3331 Viclto
1223 3270 1329 3353 primo
1363 3271 1478 3332 citatus

215 3393 275 3438 non
301 3377 492 3458 comparuit.

317 3482 395 3545 ltem
421 3482 590 3545 Pertoldus
614 3482 710 3546 frater
727 3483 857 3544 domine
876 3483 949 3545 Else
966 3483 1058 3565 (hleri
1083 3483 1115 3543 in
1133 3481 1204 3544 foro
1228 3483 1261 3544 in
1286 3482 1370 3545 facto
1395 3485 1473 3545 inte-

214 3589 406 3673 rempcionis
430 3589 539 3652 relicte
564 3589 670 3671 Egidii
695 3588 842 3671 pellificis
866 3589 1009 3671 legitime
1034 3589 1260 3671 proclamatus,
1285 3609 1350 3650 non
1373 3590 1471 3654 venit.

315 3697 394 3758 ltem
418 3696 554 3776 Egidius
578 3710 666 3757 sutor
691 3694 782 3776 (h)eri
816 3696 847 3757 in
874 3694 944 3757 foro
969 3696 1001 3757 in
1027 3694 1110 3756 facto
1134 3695 1395 3778 interempcionis
1427 3716 1473 3757 re-

213 3801 283 3866 licte
310 3803 418 3884 Egidii
442 3801 589 3884 pellificis
614 3801 770 3882 legittime
794 3801 1020 3884 proclamatus,
1045 3821 1110 3863 non
1137 3802 1233 3864 venit.

315 3910 393 3971 ltem
418 3908 583 3971 Dionisius
608 3908 794 3971 Carintinus
825 3920 939 3969 octavo
965 3908 1016 3969 die
1049 3927 1144 3990 super
1168 3928 1206 3969 eo
1231 3907 1358 3988 jurabit,
1383 3907 1471 3990 quod

222 4035 313 4097 psum
340 4016 432 4076 Kone
457 4015 489 4077 in
515 4034 594 4075 naso
619 4014 827 4093 vulnerasset,
851 4015 993 4076 secundo
1017 4034 1060 4076 se.

313 4121 393 4182 ltem
418 4121 619 4202 Margaretha
653 4119 717 4182 filia
751 4121 861 4182 Jacobi
887 4140 942 4203 per
974 4135 1069 4182 testes
1100 4119 1244 4183 efficaces
1268 4118 1300 4180 id
1326 4139 1473 4203 compro·

212 4229 304 4306 bavit,
332 4228 422 4309 quod
447 4227 558 4290 fratres
581 4228 630 4289 sui
655 4227 800 4308 quintam
818 4240 940 4309 partem
969 4228 1135 4289 cuiusdam
1161 4225 1263 4304 fundi,
1287 4226 1474 4308 porcionem

212 4335 359 4396 videlicet
384 4333 494 4417 Gyure
520 4333 623 4395 fratris
647 4335 706 4413 sui,
731 4334 912 4410 dedissent;
946 4347 977 4395 et
1000 4335 1099 4395 iidem
1124 4331 1234 4394 fratres
1257 4334 1306 4395 sui
1331 4334 1474 4416 quinque

212 4460 340 4519 marcas,
367 4460 445 4522 quas
470 4454 558 4523 pater
590 4442 672 4502 dicte
705 4442 812 4524 puelle
836 4442 980 4523 legasset,
1014 4441 1095 4501 inter
1119 4461 1151 4501 se
1183 4440 1374 4516 diviserunt3
1399 4441 1474 4503 ideo

214 4549 284 4628 quia
313 4548 396 4629 ipsas
420 4547 564 4629 quinque
590 4567 710 4608 marcas
727 4561 925 4630 receperunt,
951 4547 997 4608 illi
1015 4545 1217 4608 fideiussores
1241 4547 1324 4608 lvvan
1350 4547 1474 4608 solvere

213 4652 329 4716 debent
353 4674 454 4736 usque
480 4654 668 4735 quindenas.

314 4759 393 4821 ltem
427 4760 578 4821 Herricus
609 4757 740 4841 pellifex
772 4771 882 4820 contra
915 4758 1095 4819 Corardum
1120 4759 1226 4840 primo
1262 4761 1376 4822 citatus
1407 4781 1472 4822 non

216 4865 398 4948 comparuit.
