3404 5362
281 328 344 389 350
453 414 515 419 --

380 518 458 581 ltem
484 517 646 580 lohannes
670 514 809 579 carnifex
834 515 917 578 filius
946 516 1074 579 Martini
1100 517 1132 578 in
1158 515 1243 579 lacto
1275 517 1539 599 interempcionis

274 625 388 708 Kiryni
415 624 493 686 Toti
519 624 620 685 tribus
644 623 768 684 vicibus
792 623 824 683 in
848 623 950 685 tribus
979 620 1055 683 foris
1087 623 1405 705 conprovincialibus
1430 624 1471 684 ad
1497 622 1543 703 ju·

273 729 396 791 sticiam
422 728 578 810 legittime
597 729 813 810 proclamatus
829 748 895 789 non
913 728 1010 807 venit,
1029 728 1102 789 ideo
1121 729 1382 810 quandocunque
1401 729 1433 790 in
1452 729 1543 791 terri-

273 836 358 899 torio
383 836 466 897 dicte
492 836 627 897 civitatis
645 835 776 918 reperiri
795 835 922 917 poterit,
946 848 1022 896 tunc
1046 834 1086 897 de
1104 835 1173 917 ipso
1192 834 1330 896 vindicta
1358 835 1444 896 iuxta
1462 855 1543 897 con·

272 943 472 1004 suetudinem
497 942 635 1005 civitatis
660 955 869 1024 sumpmatur.

381 1049 458 1111 ltem
483 1049 571 1130 quod
596 1049 672 1130 quia
698 1047 858 1110 Janchech
884 1046 972 1110 faber
997 1049 1028 1110 in
1057 1047 1141 1111 facto
1173 1048 1424 1131 interempcions
1457 1049 1541 1110 Petri

273 1156 373 1217 Pazar
397 1156 497 1216 tribus
514 1155 637 1217 vicibus
654 1155 686 1216 in
703 1155 805 1216 tribus
822 1153 899 1216 foris
917 1155 1232 1237 conprovincialibus
1247 1155 1287 1216 ad
1305 1154 1467 1236 justiciam
1499 1155 1543 1217 le·

272 1262 398 1344 gittime
430 1262 645 1343 proclamatus
676 1280 740 1323 non
775 1261 879 1339 venit,
912 1261 986 1322 ideo
1020 1261 1282 1344 quandocunque
1314 1262 1345 1322 in
1376 1261 1539 1324 territorio

273 1368 392 1450 (nostre
419 1368 565 1448 civitatis)
591 1367 720 1450 reperiri
746 1366 862 1448 poterit
887 1366 926 1429 de
951 1367 1021 1449 ipso
1044 1367 1185 1429 vindicta
1210 1381 1422 1449 sumpmatur.

379 1473 456 1535 ltem
483 1474 615 1535 Zakaria
640 1493 696 1555 per
727 1473 896 1535 dominum
931 1473 1050 1535 Lucam
1080 1472 1231 1556 Gyauum
1255 1472 1316 1535 hoc
1349 1488 1465 1535 octavo
1491 1474 1542 1534 die

274 1581 421 1642 atestabit
447 1580 534 1661 quod
561 1580 741 1642 Jakomello
766 1578 941 1660 quemdam
959 1598 1078 1660 equum
1103 1600 1120 1640 a
1147 1579 1296 1662 Philippo
1315 1595 1542 1662 comparasset.

381 1686 459 1748 ltem
483 1686 628 1747 Andreas
653 1684 781 1768 Rosych
806 1685 898 1768 (hleri
915 1686 948 1746 in
972 1683 1043 1746 foro
1063 1685 1219 1766 legittime
1238 1684 1481 1768 (proclamatus)
1509 1685 1541 1746 in

273 1789 358 1853 facto
384 1791 647 1874 interempcionis
678 1789 821 1852 lwchech
854 1789 911 1852 filii
945 1791 1047 1873 Lepsa
1072 1791 1112 1852 de
1143 1790 1258 1874 Chehy
1290 1790 1341 1873 (ad
1368 1791 1541 1872 iusticiam)

274 1917 340 1959 non
364 1911 461 1960 vemt.

354 2135 450 2209 Feria
483 2146 581 2208 sexta
609 2139 765 2226 proxima
794 2144 872 2208 ante
900 2137 1023 2209 lestnm
1051 2140 1224 2210 beatorum
1262 2134 1400 2209 Fabiani
1430 2146 1465 2210 et

705 2260 894 2333 sebastiani
922 2264 1114 2334 martirum.

381 2433 458 2495 Item
491 2432 637 2493 Thomas
667 2446 768 2493 sartor
799 2445 908 2493 contra
941 2430 1118 2513 Georgium
1150 2431 1292 2493 secundo
1325 2431 1440 2493 citatus
1475 2452 1541 2494 non

276 2539 466 2621 comparuit.

381 2645 459 2706 ltem
484 2644 680 2705 Laurencius
711 2643 848 2704 condam
880 2642 975 2723 judex
1007 2657 1146 2725 quatuor
1180 2662 1301 2704 marcas
1333 2644 1543 2709 denariorum

275 2750 393 2833 quibus
416 2750 476 2811 sibi
502 2748 648 2832 Mathyas
672 2763 772 2810 sartor
804 2748 930 2812 debitor
961 2748 1058 2829 foret,
1083 2770 1143 2812 nec
1174 2769 1238 2811 non
1264 2750 1419 2812 Nicolaus
1444 2750 1541 2832 judex

275 2876 373 2919 unam
398 2875 538 2917 marcam
571 2855 609 2916 ad
643 2874 739 2936 opera
771 2857 872 2918 sancti
906 2856 1038 2939 Georgii
1075 2858 1212 2919 martiris
1245 2859 1478 2920 commiserunt
1513 2871 1544 2921 et

275 2964 344 3025 eius
368 2975 578 3024 exsecutores.

382 3068 460 3130 ltem
485 3087 578 3129 causa
603 3068 686 3130 Petri
711 3069 827 3130 sutoris
851 3082 960 3131 contra
985 3070 1128 3132 relictam
1155 3071 1248 3133 Sorae
1274 3072 1314 3133 ad
1339 3070 1454 3134 feriam
1480 3087 1542 3134 ter·

275 3176 358 3236 ciam
383 3174 423 3235 ad
447 3193 559 3255 pacem
585 3188 630 3235 est
653 3189 789 3257 recepta.

382 3281 460 3342 ltem
486 3281 615 3341 Markus
639 3295 748 3342 contra
773 3282 921 3343 Marium
946 3280 1023 3343 feria
1047 3283 1144 3344 tercia
1169 3284 1387 3366 respondebit.

382 3386 459 3448 ltem
484 3387 559 3446 laxe
585 3387 669 3447 dicet
686 3385 762 3448 feria
787 3388 885 3449 tercia
909 3388 988 3469 quid
1005 3388 1065 3451 sibi
1090 3403 1214 3451 constat
1238 3391 1321 3451 inter
1345 3389 1541 3472 Gregorium

277 3493 410 3555 voschar
434 3507 465 3553 et
490 3492 613 3553 Paulas.

382 3600 460 3661 ltem
484 3600 623 3660 lacobus
648 3600 784 3682 Kupych
809 3598 887 3662 feria
910 3603 1008 3664 tercia
1036 3602 1134 3665 tercio
1159 3623 1192 3664 se
1216 3602 1334 3683 jurabit
1357 3604 1446 3685 quod
1474 3605 1541 3687 ipse

277 3706 434 3787 quosdam
460 3706 549 3787 palos
573 3707 604 3767 in
630 3706 708 3768 silva
733 3707 889 3769 lobannis
913 3709 1011 3771 Vasas
1034 3729 1098 3770 non
1124 3711 1323 3772 subcidisset.

382 3813 459 3873 ltem
486 3812 570 3874 idem
593 3814 731 3875 lacobus
749 3812 825 3876 feria
847 3816 944 3877 tercia
969 3817 1066 3878 tercio
1083 3837 1115 3878 se
1133 3817 1251 3898 jurabit
1274 3837 1370 3900 super
1394 3819 1541 3900 eoquod

278 3920 345 4001 ipse
370 3918 454 3999 ligna
481 3919 647 3980 cuiusdam
672 3919 786 3981 kuchie
812 3921 967 3982 lobannis
990 3922 1087 3985 Vasas
1111 3944 1176 3986 non
1201 3925 1417 3987 subtraxisset.

384 4024 460 4086 ltem
483 4025 618 4107 provide
638 4025 768 4087 domine
787 4043 960 4105 consortes,
985 4029 1150 4091 Michaelis
1167 4029 1368 4114 Orthoflych,
1386 4031 1543 4093 lobannis

280 4130 406 4212 nepotis
438 4132 578 4193 custodis
610 4146 641 4193 et
672 4132 802 4194 domina
836 4133 1009 4196 Katherina
1035 4137 1141 4198 relicta
1174 4137 1299 4199 Nicolai
1333 4135 1410 4199 feria
1443 4139 1541 4200 tercia

278 4237 422 4318 quelibet
447 4257 554 4299 earum
580 4239 676 4300 tercia
709 4259 741 4300 se
765 4261 860 4322 super
892 4260 931 4302 eo
961 4241 1120 4321 jurabunt,
1152 4243 1241 4324 quod
1275 4244 1341 4325 ipse
1373 4244 1542 4306 dominam

278 4343 433 4404 lobannis
458 4364 522 4405 non
548 4345 779 4427 vituperassent
803 4366 908 4426 neque
932 4349 1159 4412 verberassent.

383 4447 459 4510 ltem
485 4450 568 4511 lwan
595 4450 757 4531 quandam
782 4451 909 4512 vineam
935 4472 1040 4514 emere
1065 4468 1176 4535 potest.

384 4556 460 4618 Item
481 4556 641 4639 Georgius
659 4557 897 4620 molendinator
915 4557 991 4620 feria
1016 4561 1112 4622 tercia
1130 4580 1224 4643 super
1248 4583 1287 4624 eo
1304 4562 1433 4643 jurabit,
1451 4565 1540 4646 quod

277 4661 343 4744 ipse
376 4661 460 4724 lwan
494 4663 618 4724 duabus
651 4664 764 4724 marcis
804 4684 866 4725 non
901 4667 1084 4748 spoliasset,
1127 4681 1157 4727 et
1188 4667 1248 4730 hoc
1280 4669 1477 4733 duodecimo
1507 4693 1540 4733 se

276 4768 472 4832 hominibus.
