3404 5362
617 331 702 387 Anno
724 324 816 406 1383.
842 360 882 370 —
906 325 957 387 16.
974 328 1067 402 junii.
1413 340 1474 402 203

213 440 375 447 .---
385 436 711 445 -η--η--ῄ
1010 432 1281 439 -——-——-....—-
1290 432 1298 437 -
1306 432 1359 437 --.
1367 429 1471 435 -—-——-

315 543 394 604 Item
427 542 563 624 Egidius
595 539 812 623 carpentarius
843 551 953 600 contra
984 536 1193 599 Valentinum
1229 535 1331 597 filium
1368 533 1475 595 Malen

212 651 316 733 primo
341 649 454 711 citatus
479 665 543 709 non
569 645 757 729 comparuit.

317 773 395 835 ltem
429 772 547 833 Paulus
583 771 726 832 literatus
765 783 874 831 contra
915 768 1056 831 Jaketich
1087 766 1229 829 secundo
1262 767 1376 828 citatus
1410 784 1475 825 non

214 879 402 962 comparuit.

317 987 395 1048 Item
421 1004 515 1047 causa
540 983 709 1046 Gerardini
743 997 852 1044 contra
885 982 1051 1044 Simonem
1077 982 1116 1042 ad
1149 993 1298 1041 octavum
1323 979 1409 1040 diem
1435 977 1475 1039 ad

213 1113 323 1177 pacem
349 1106 396 1155 est
420 1103 556 1173 recepta.

318 1199 396 1260 ltem
425 1199 535 1259 Maren
561 1210 670 1259 contra
699 1196 833 1258 Paulum
851 1215 1024 1279 preconem
1045 1195 1150 1278 primo
1175 1195 1289 1257 citatus
1305 1212 1370 1254 non
1390 1211 1475 1253 com-

215 1307 329 1389 paruit.

318 1413 396 1475 ltem
422 1412 535 1474 Simon
561 1425 669 1474 contra
696 1410 831 1472 Paulum
852 1409 1008 1492 pictorem
1032 1409 1137 1492 primo
1162 1409 1276 1470 citatus
1297 1427 1361 1468 non
1387 1426 1473 1468 com·

210 1521 326 1602 paruit.

318 1627 396 1689 ltem
429 1626 595 1688 Emericus
625 1625 799 1706 quemdam
831 1643 923 1685 suum
957 1623 1193 1705 expeditorem,
1225 1635 1382 1703 quatenus
1413 1620 1473 1681 sibi

211 1734 381 1814 quoddam
405 1733 572 1795 lintiamen
598 1731 733 1810 dederit,
761 1745 871 1793 contra
894 1732 960 1792 Kos
985 1744 1098 1792 octavo
1130 1729 1181 1790 die
1206 1743 1343 1789 statuere
1368 1727 1474 1789 debet.

318 1857 397 1919 ltem
422 1856 582 1937 Georgius
613 1870 722 1918 contra
748 1859 875 1916 Annam
900 1854 1070 1916 mulierem
1102 1852 1244 1915 secundo
1268 1852 1381 1913 citatus
1407 1870 1470 1912 non

210 1963 402 2046 comparuit.

320 2071 397 2132 ltem
419 2089 513 2131 causa
538 2069 682 2131 mulieris
707 2067 832 2151 Gracye
864 2081 974 2129 contra
999 2067 1142 2128 Blasium
1167 2065 1293 2128 fabrum
1325 2066 1365 2127 ad
1390 2080 1475 2127 octa·

211 2195 289 2237 vum
315 2177 401 2237 diem
425 2176 465 2237 ad
489 2195 602 2265 pacem
626 2190 672 2237 est
697 2188 832 2258 recepta.

318 2300 396 2362 ltem
430 2300 623 2362 Benedictus
658 2299 839 2362 Mosnarich
875 2313 983 2362 contra
1016 2300 1181 2362 Vrbanum
1219 2298 1324 2381 primo
1363 2299 1476 2361 citatus

214 2427 278 2469 non
304 2408 493 2490 comparuit.

318 2515 396 2575 ltem
421 2513 586 2575 Dionisius
610 2513 694 2575 filius
719 2514 859 2575 Lorandi
884 2512 974 2596 (h)eri
1000 2514 1032 2575 in
1057 2512 1127 2574 loro
1151 2533 1246 2594 super
1272 2510 1355 2574 lacto
1379 2511 1475 2573 inter-

214 2620 406 2703 rempcionis
429 2620 527 2681 lakus
550 2621 738 2702 carpentarii
764 2620 978 2703 proclamatus
995 2639 1060 2681 non
1084 2620 1172 2682 venit
1196 2620 1338 2680 secundo
1364 2632 1473 2679 contra

215 2727 357 2789 relictam
382 2727 526 2788 eiusdem
552 2728 648 2789 Jalrus
672 2741 702 2787 et
726 2726 812 2788 lwan
837 2725 965 2789 fratrem
990 2746 1094 2790 suum.

321 2834 398 2894 ltem
424 2833 623 2914 Margaretha
649 2833 764 2895 mulier
788 2848 902 2894 octavo
928 2834 979 2894 die
1003 2847 1089 2894 sexta
1114 2853 1146 2893 se
1171 2832 1355 2894 concivissis
1380 2850 1475 2913 super

216 2960 253 3001 eo
277 2940 405 3021 jurabit,
430 2940 518 3021 quod
543 2939 610 3021 ipsa
635 2939 769 3001 domum
787 2938 941 3001 lohannis
967 2940 1064 3000 Pazar
1088 2939 1258 3000 incendere
1282 2938 1431 3000 noluerit.

320 3064 397 3125 ltem
423 3063 575 3126 Clemens
600 3063 739 3126 carnifex
757 3064 898 3126 secundo
922 3085 954 3125 se
983 3079 1097 3126 octavo
1114 3064 1165 3125 die
1182 3083 1277 3144 super
1294 3082 1332 3123 eo
1350 3061 1477 3142 jurabit,

215 3170 301 3252 quod
326 3171 431 3252 ipsum
456 3171 617 3232 lohannes
649 3170 765 3251 figulus
797 3190 896 3252 usque
922 3171 961 3232 ad
994 3170 1184 3232 effusionem
1216 3169 1381 3251 sanguinis
1406 3189 1476 3251 per-

217 3278 357 3340 cusserit.

318 3384 395 3445 ltem
420 3383 506 3445 idem
531 3384 683 3446 Clemens
707 3384 848 3445 secundo
877 3403 910 3444 se
942 3396 1057 3445 octavo
1089 3384 1140 3446 die
1165 3404 1259 3466 super
1284 3405 1322 3447 eo
1347 3384 1474 3465 jurabit,

215 3491 301 3571 quod
327 3491 432 3573 ipsum
457 3489 616 3572 Georgius
641 3492 737 3553 Loter
761 3510 862 3572 usque
887 3489 926 3551 ad
952 3490 1141 3553 effusionem
1166 3493 1364 3574 percusserit.

317 3614 396 3677 Item
422 3614 582 3696 Georgius
606 3614 777 3676 Ztardbich
801 3614 900 3676 tercio
917 3635 950 3676 se
974 3630 1088 3677 octavo
1105 3616 1156 3676 die
1179 3636 1329 3698 supereo
1346 3615 1473 3696 jurabit,

215 3720 300 3801 quod
325 3721 392 3803 ipse
417 3721 448 3781 in
474 3721 663 3803 recepcione
689 3721 855 3782 cuiusdam
879 3721 974 3782 hostii
999 3722 1154 3784 innocens
1177 3723 1225 3785 sit.

320 3845 399 3908 ltem
429 3845 609 3928 Stephanus
642 3845 725 3907 filius
759 3847 885 3908 Milrech
917 3860 1031 3908 octavo
1055 3847 1107 3908 die
1138 3849 1237 3910 tercio
1261 3869 1294 3910 se
1318 3869 1413 3931 super
1437 3869 1476 3911 eo

215 3949 338 4030 jurabit,
364 3952 452 4033 quod
476 3953 542 4034 ipse
561 3953 689 4035 Reyner
714 3973 771 4035 pro
797 3953 909 4035 viginti
928 3968 958 4015 et
981 3967 1104 4036 septem
1128 3954 1197 4018 flor.
1222 3954 1291 4019 auri
1308 3954 1476 4018 fideiussor

215 4077 277 4119 non
302 4056 406 4122 fuerit.

319 4165 396 4227 ltem
421 4164 577 4227 Martinus
610 4165 695 4227 lilius
728 4165 887 4228 lanchech
919 4167 1109 4247 premissum
1141 4187 1234 4230 suum
1260 4168 1474 4250 juramentum

215 4271 390 4332 secundum
415 4272 532 4333 dictam
569 4286 711 4335 nostram
742 4273 940 4354 judiciariam
974 4275 1235 4336 commissionem
1269 4276 1417 4358 deposuit
1441 4290 1477 4337 ut

216 4375 361 4439 debebat

319 4481 396 4544 ltem
420 4484 508 4565 quod
533 4485 607 4565 quia
634 4486 750 4547 mulier
774 4490 887 4568 Agnya
904 4487 1113 4569 prescriptum
1139 4508 1233 4549 suum
1257 4488 1472 4569 juramentum

216 4606 277 4649 non
314 4588 474 4672 deposuit,
511 4589 584 4652 ideo
620 4591 789 4673 culpabilis
825 4592 856 4652 in
888 4591 971 4655 lacto
1000 4595 1174 4677 prescripto
1206 4609 1252 4656 est
1283 4609 1417 4676 reperta,
1442 4609 1473 4658 et

215 4696 483 4777 quandocumque
501 4696 531 4757 in
557 4698 675 4759 tenutis
692 4698 827 4759 civitatis
851 4700 980 4782 reperiri
1003 4701 1129 4783 poterit,
1146 4715 1221 4762 tunc
1246 4701 1286 4763 de
1311 4702 1376 4783 ipsa
1403 4702 1471 4765 vin·

217 4798 296 4863 dicta
320 4816 530 4884 sumpmatur.
