3404 5362
728 364 927 445 Ann01376.
952 402 994 412 —
1011 380 1046 443 5.
1077 368 1236 429 deccmbrt's.

461 580 611 643 Secundo
624 601 717 642 causa
730 581 857 642 Martini
872 579 1009 661 proximi
1024 577 1178 660 Stephani
1196 578 1352 661 Pundych
1365 579 1465 641 nostri
1479 579 1619 641 concivis

356 701 465 749 contra
490 687 629 748 eundem
657 685 854 768 Stephanum
874 685 1017 746 Pundich
1036 684 1222 766 premissam
1247 704 1338 746 suam
1356 704 1486 747 causam
1512 686 1619 769 appel·

355 793 477 855 laverat
500 793 538 854 ad
564 793 714 874 antiquos
737 792 860 872 judices
884 790 1043 872 predictos
1068 790 1196 852 racione
1225 790 1443 872 predictorum
1469 792 1619 875 quadrin-

355 913 527 981 gentorum
552 898 759 976 florenorum,
781 897 866 959 idem
885 897 1040 957 Martinus
1064 917 1096 958 se
1113 897 1321 959 submittebat
1336 898 1525 960 testimonio
1543 899 1621 981 Elye

357 1005 447 1086 parvi
472 1017 581 1066 nostro
605 1004 752 1064 similiter
769 1003 903 1081 concivi,
922 1001 1009 1084 quod
1027 1002 1187 1085 predictus
1205 1004 1385 1086 Stephanus
1398 1005 1459 1065 sibi
1476 1005 1533 1065 Xll
1552 1004 1619 1067 flor.

357 1109 497 1171 dedisset
521 1111 552 1171 in
577 1129 668 1188 aur0,
693 1109 731 1172 de
757 1110 872 1171 marcis
895 1108 1100 1171 denariorum
1115 1110 1357 1190 Vyennensium
1382 1111 1557 1191 sexaginta,
1576 1112 1621 1173 di-

356 1235 447 1278 cens:
472 1215 516 1277 fili
542 1217 585 1277 mi
618 1216 733 1277 dilecte
758 1236 842 1277 nunc
866 1216 1001 1297 recipias
1033 1215 1109 1276 istos
1141 1215 1210 1277 flor.
1235 1215 1304 1293 Xll,
1336 1216 1414 1278 alias
1439 1230 1548 1278 aurem
1572 1238 1620 1279 res

357 1322 441 1383 dabo
466 1323 523 1385 tibi
549 1322 607 1383 nisi
633 1323 674 1382 sis
698 1322 927 1398 bonushomo.
953 1322 1082 1382 Etcum
1101 1320 1260 1402 predictus
1285 1321 1381 1404 Elyas
1406 1323 1620 1404 interrogatus

357 1427 452 1491 luerit
477 1429 623 1510 deposito
646 1429 837 1509 juramento,
863 1427 948 1488 idem
973 1427 1069 1509 Elyas
1094 1426 1173 1488 nihil
1199 1426 1358 1488 audivisse
1391 1428 1431 1490 de
1457 1431 1527 1510 ipso
1553 1431 1620 1493 Ste-

357 1536 464 1620 phano
491 1535 634 1597 Pundich
661 1549 706 1596 est
730 1547 889 1613 atestatus,
914 1533 969 1594 sed
1001 1533 1209 1595 solummodo
1240 1534 1413 1597 audivisset
1437 1557 1454 1596 a
1480 1538 1619 1599 Martino

356 1642 522 1726 predicto,
562 1661 638 1721 ergo
673 1642 703 1701 in
743 1640 887 1723 predicto
925 1652 1002 1701 teste
1041 1639 1126 1700 idem
1160 1641 1316 1702 Martinus
1356 1640 1493 1721 defecit,
1537 1645 1621 1706 unde

359 1750 463 1832 ipsum
488 1749 703 1830 juramentum
734 1745 875 1829 prelatus
907 1745 1087 1828 Stephanus
1119 1745 1264 1807 Pundich
1296 1767 1329 1809 se
1353 1749 1509 1829 septimus
1541 1749 1618 1812 feria

358 1870 443 1917 sexta
468 1855 612 1937 proxima
637 1874 721 1914 nunc
747 1867 877 1914 ventura
896 1853 1058 1934 deponere
1075 1851 1204 1913 debebit
1221 1868 1331 1914 contra
1349 1855 1524 1917 Martinum
1541 1877 1617 1918 ano-

358 1976 459 2025 tatum
485 1980 580 2043 super
596 1981 646 2039 eo,
671 1958 758 2041 quod
776 1959 879 2020 nullas
904 1979 952 2019 res
968 1956 1102 2040 predicti
1125 1957 1252 2019 Martini
1270 1958 1418 2021 habuerit
1441 1980 1500 2023 nec
1517 1964 1622 2026 scierit

358 2070 391 2131 in
415 2081 503 2151 parte
528 2087 586 2129 nec
611 2068 643 2128 in
667 2081 745 2131 toro.

410 2267 507 2343 teria
535 2276 634 2342 sexta
662 2271 817 2359 proxima
846 2277 923 2340 ante
951 2269 1074 2341 festum
1094 2271 1182 2342 beati
1213 2271 1340 2344 Nicolai
1368 2273 1582 2346 confessoris.

867 2423 908 2500 (5.
939 2424 1112 2501 decembris).

463 2564 571 2624 Primo
595 2563 652 2643 (in)
676 2582 770 2624 causa
795 2563 922 2624 Martini
947 2562 1003 2624 filii
1023 2564 1130 2626 Mathe
1154 2579 1184 2626 et
1202 2565 1354 2649 Stephani
1378 2568 1525 2632 Pundich
1543 2585 1622 2634 tem-

358 2690 434 2753 pore
459 2669 628 2749 juramenti
653 2667 756 2729 taliter
780 2667 839 2730 luit
863 2669 1058 2748 ordinatum,
1080 2670 1167 2752 quod
1186 2672 1252 2754 ipsc
1278 2674 1459 2755 Stephanus
1477 2676 1621 2740 Pundich

358 2794 431 2839 cum
455 2776 520 2836 suis
551 2774 808 2855 conjuratoribus
839 2792 1006 2858 promptus
1029 2791 1106 2856 erat,
1139 2779 1184 2839 ibi
1209 2794 1316 2841 autem
1341 2796 1413 2842 ante
1445 2802 1535 2845 aram
1568 2804 1623 2866 per

358 2882 600 2944 ordinacionem
625 2882 801 2963 proborum
826 2883 967 2944 virorum
1000 2884 1180 2965 predictum
1216 2886 1413 2968 Stephanum
1446 2888 1513 2970 ipse
1541 2892 1622 2952 Mar-

358 2990 444 3052 tinus
469 2988 603 3049 omnino
628 3002 658 3049 et
682 2989 823 3049 totaliter
847 2988 986 3051 reddidit
1018 2990 1203 3073 expeditum
1229 3004 1258 3054 et
1282 3013 1339 3075 per
1363 3012 1437 3055 eum
1461 3014 1538 3057 suos
1568 2996 1622 3058 he-

358 3095 450 3157 redes
473 3114 603 3176 prorsus
627 3107 657 3155 et
681 3094 876 3156 absolutum.
987 3164 991 3171 ⁶

465 3199 543 3262 ltem
561 3218 655 3260 causa
673 3201 755 3262 Petri
782 3201 953 3262 sacerdotis
974 3215 1004 3263 et
1021 3202 1168 3285 Dyonisii
1185 3206 1301 3266 sutoris
1318 3221 1363 3269 est
1387 3208 1427 3269 ad
1444 3208 1623 3271 adventum

359 3306 458 3388 ipsius
481 3304 654 3367 sacerdotis
679 3326 734 3388 per
758 3306 879 3387 judices
903 3323 1072 3389 prorogata
1097 3309 1136 3370 ad
1161 3330 1283 3391 pacem.

464 3412 542 3473 ltem
559 3413 748 3474 Valentinus
765 3427 873 3475 contra
888 3414 1058 3476 Nicolaum
1073 3415 1197 3479 Odolas
1210 3432 1324 3481 octavo
1338 3419 1389 3481 die
1403 3422 1622 3503 respondebit.

465 3519 543 3581 Item
569 3518 721 3581 Clemens
744 3534 831 3581 sutor
856 3535 965 3582 contra
998 3522 1107 3585 Sibich
1138 3525 1280 3587 secundo
1305 3526 1418 3589 citatus
1441 3547 1507 3588 non
1533 3549 1624 3593 corn-

359 3626 473 3709 paruit.

464 3732 542 3793 Item
574 3732 648 3813 quia
682 3731 841 3814 Georgius
872 3749 974 3797 sartor
1005 3749 1036 3798 et
1068 3735 1243 3817 Gregorius
1281 3740 1446 3821 proximus
1477 3744 1622 3807 eiusdem

359 3858 454 3920 super
478 3839 602 3920 Regina
627 3839 736 3901 relicta
761 3841 888 3902 Martini
906 3842 1071 3904 Wllrouch
1096 3843 1160 3905 duo
1185 3845 1274 3906 milia
1291 3860 1322 3907 et
1338 3847 1533 3931 quingentos
1551 3852 1623 3916 flor.

360 3944 429 4005 auri
455 3958 485 4005 et
510 3945 541 4006 in
567 3945 688 4006 minuta
713 3947 858 4028 pecunia,
884 3947 966 4008 duos
994 3949 1116 4010 balteos
1147 3966 1325 4031 argenteos,
1358 3973 1476 4016 novem
1501 3958 1621 4038 picaria

359 4064 520 4131 argentea,
545 4050 584 4111 de
609 4052 727 4131 quibus
748 4066 809 4113 tres
842 4051 1013 4116 affirmavit
1043 4056 1166 4136 Regina
1197 4058 1350 4139 predicta,
1381 4063 1547 4142 sexaginta
1571 4085 1622 4128 ca·

359 4157 465 4238 pecias
489 4155 639 4219 frumenti
657 4160 931 4239 prosequebantur
955 4174 986 4221 et
1009 4163 1195 4242 querebant,
1215 4165 1350 4227 eandem
1367 4179 1512 4249 tempore
1537 4170 1623 4250 jura·

359 4263 491 4326 mentali
510 4264 716 4347 depositione
734 4265 773 4327 de
792 4266 942 4346 predictis
958 4267 1088 4329 florenis
1116 4289 1172 4331 seu
1190 4270 1256 4332 cifis
1272 4274 1430 4353 argenteis
1447 4289 1478 4337 et
1494 4275 1624 4341 duobus

359 4369 471 4432 balteis
495 4391 530 4431 ac
546 4370 689 4452 frugibus
706 4371 904 4433 reddiderint
921 4373 1100 4454 expeditam
1119 4389 1149 4437 et
1167 4378 1359 4458 absolutam,
1380 4395 1514 4463 excepto
1532 4385 1624 4465 quod

358 4476 541 4539 continetur
565 4477 597 4537 in
621 4491 812 4539 testamento
837 4479 1010 4540 Karhcrine
1034 4483 1152 4543 sororis
1175 4504 1241 4548 sue.

465 4582 542 4644 ltem
569 4583 713 4644 Matheus
737 4582 822 4645 lilius
846 4587 989 4668 oroznyk
1014 4588 1082 4649 Kus
1108 4589 1139 4650 in
1158 4590 1329 4671 quindenis
1353 4591 1410 4653 XII
1436 4612 1551 4675 pensas
1567 4595 1624 4660 de-

358 4687 521 4749 nariorum
555 4701 586 4750 et
608 4688 806 4752 laboratores
836 4692 1069 4774 quinquaginta
1094 4696 1256 4758 exsolvere
1281 4697 1394 4775 debet,
1419 4699 1488 4782 ipse
1512 4714 1624 4766 autem

358 4791 427 4854 Kus
450 4792 568 4876 jurabit
591 4815 686 4878 super
712 4797 884 4877 premissis.
