3404 5362
347 330 413 411 296
742 329 828 385 Anno
851 323 945 403 1389.
972 360 1009 369 -
1033 340 1066 401 9.
1092 327 1207 399 aprilis.

450 549 596 621 sabbato
622 549 775 637 proximo
803 559 882 619 ante
909 546 1033 618 testum
1062 547 1151 617 beati
1181 545 1307 616 iiatirie
1335 546 1496 634 apostoli.

848 696 915 777 (19.
931 698 1105 773 februarii).

725 860 866 932 Jadicinm
889 860 1073 932 antiquorum
1093 859 1229 932 judicant.

456 1017 533 1078 item
564 1017 639 1098 quia
665 1017 776 1078 Petrus
798 1016 939 1078 decanus
963 1034 1019 1097 per
1042 1029 1138 1077 testes
1161 1015 1384 1098 sollempniter
1409 1015 1441 1076 id
1467 1034 1611 1098 compro·

349 1124 447 1202 bavit,
481 1122 570 1204 quod
604 1123 670 1205 ipse
701 1135 806 1185 totum
838 1122 995 1200 debitum,
1027 1140 1086 1203 pro
1118 1141 1184 1202 quo
1217 1121 1284 1203 ipse
1317 1120 1458 1182 Johanni
1491 1121 1615 1183 debitor

347 1230 469 1308 fuisset,
502 1228 666 1310 persolvit,
697 1227 802 1290 adhuc
838 1228 968 1309 insuper
1001 1247 1038 1288 ex
1071 1226 1327 1289 habundancia.
1354 1275 1361 1289 .
1386 1227 1495 1288 eidem
1523 1227 1612 1288 Petro

346 1337 447 1399 tercio
471 1356 503 1396 se
528 1336 741 1415 juramentum
768 1348 883 1396 octavo
907 1333 960 1396 die
985 1333 1147 1415 deponere
1171 1333 1439 1414 adjudicavimus,
1465 1332 1612 1394 videlicet

347 1458 383 1506 ut
409 1444 476 1526 ipae
502 1442 623 1504 dictum
647 1442 793 1504 debitum
819 1441 990 1523 plenariter
1014 1439 1227 1522 persolvisset.

456 1549 533 1610 Item
558 1568 652 1610 causa
678 1547 768 1609 Pauli
796 1544 948 1608 aurifabri
983 1558 1092 1607 contra
1117 1543 1281 1607 Thomam
1313 1545 1553 1627 carpentarium
1578 1545 1616 1606 ad

350 1668 423 1718 octo
448 1655 516 1716 dies
540 1668 586 1716 est
609 1665 790 1736 prorogata.

457 1760 534 1822 Item
560 1759 752 1822 Benedictus
769 1758 925 1821 Scornich
949 1772 1064 1820 octavo
1080 1758 1133 1820 die
1149 1777 1245 1840 super
1261 1758 1402 1840 quadam
1420 1770 1506 1820 terra
1522 1771 1615 1820 testes

351 1866 529 1950 producere
553 1867 659 1946 debet,
685 1865 852 1928 videlicet:
885 1866 1023 1927 Borkam
1048 1878 1078 1927 et
1103 1865 1278 1926 Martinum
1301 1878 1456 1926 sutorem.

801 2102 983 2173 Sabbatum
1011 2120 1163 2190 sequens.

882 2251 927 2330 (5.
951 2251 1081 2333 aprilis).

457 2395 534 2456 item
560 2395 711 2455 Marenus
741 2407 855 2454 octavo
888 2392 939 2454 die
971 2412 1066 2474 super
1099 2412 1139 2454 eo
1171 2406 1286 2473 quarto
1309 2413 1341 2454 se
1375 2392 1505 2474 jurabit,
1530 2395 1617 2477 quod

352 2503 419 2584 ipae
436 2500 599 2582 quandam
616 2515 733 2561 terram
750 2498 990 2560 communitatis
1006 2512 1151 2580 tempore
1169 2499 1359 2561 kneziorum
1376 2500 1503 2563 domini
1523 2502 1619 2579 Luce,

353 2606 547 2688 Dragozlay,
572 2604 727 2667 Anthonii
761 2603 883 2666 Jursich
909 2618 940 2666 et
971 2603 1124 2687 Gyurgek
1149 2605 1324 2667 Blanchich
1357 2606 1397 2667 de
1423 2607 1538 2669 eadem
1565 2609 1621 2671 ali·

352 2731 449 2794 quem
475 2730 567 2773 usum
592 2731 656 2772 non
683 2712 875 2793 percepisset
899 2731 957 2772 nec
986 2711 1121 2772 eandem
1154 2712 1386 2791 seminavisaet,
1411 2733 1471 2776 nec
1496 2715 1616 2778 eisdem

352 2819 473 2881 kneziis
497 2816 536 2879 de
561 2815 673 2879 eadem
698 2831 780 2878 terra
804 2816 928 2898 aliquid
952 2830 1123 2881 teneretur.

443 3070 540 3145 Faria
568 3081 665 3145 sexta
693 3075 848 3162 proxima
876 3083 953 3146 ante
982 3074 1182 3145 dominicam
1210 3074 1531 3164 Ramispalmarum.

883 3248 929 3320 (9·
953 3247 1080 3321 apn'lr‘s).

460 3403 538 3465 Item
570 3403 733 3465 lohannes
757 3402 874 3464 Donati
906 3416 1016 3465 contra
1049 3405 1177 3466 Petrum
1209 3405 1413 3488 gladiparum
1447 3406 1555 3488 primo
1579 3405 1619 3468 ci·

354 3522 439 3573 tatus
463 3529 529 3571 non
554 3509 743 3591 comparuit.

462 3615 540 3677 item
565 3614 758 3676 Benedictus
782 3629 811 3676 et
837 3616 989 3678 Nicolaus
1021 3630 1130 3678 contra
1157 3617 1297 3679 eundem
1323 3619 1453 3681 Petrum
1479 3620 1620 3682 secundo

356 3721 441 3785 citati
467 3740 532 3783 non
557 3735 815 3803 comparuerunt.

462 3826 540 3888 Item
565 3826 754 3889 Leonardus
777 3844 878 3890 sartor
902 3843 1010 3890 contra
1041 3830 1169 3891 Petrum
1194 3830 1392 3892 sacerdotem
1418 3831 1563 3896 secundo
1581 3833 1621 3894 ci·

355 3945 440 3995 tatus
464 3953 529 3995 non
553 3933 741 4015 comparuit.

463 4040 541 4102 Item
567 4040 680 4102 Simon
711 4055 812 4102 sartor
844 4053 953 4101 contra
987 4039 1174 4123 Gyaninum
1206 4041 1344 4122 juratum
1369 4041 1477 4124 primo
1510 4044 1624 4107 citatus

356 4164 422 4207 non
446 4147 636 4229 comparuit.

463 4252 540 4315 item
566 4252 705 4315 Michael
739 4252 824 4315 filius
856 4252 1004 4313 Damiani
1038 4267 1147 4315 contra
1181 4254 1340 4316 Briccium
1371 4255 1477 4336 primo
1510 4256 1624 4318 citatus

356 4375 422 4420 non
446 4360 636 4441 comparuit.

462 4464 537 4526 item
576 4464 713 4528 Michael
747 4465 977 4528 Stachunarich
1016 4486 1117 4548 usque
1158 4468 1339 4548 quindenas
1373 4467 1458 4529 Luce
1493 4469 1623 4531 Bonioli

357 4582 485 4632 centum
509 4571 579 4634 flor.
603 4574 671 4632 auri
695 4572 818 4634 solvere
844 4573 949 4635 debet.

463 4677 539 4739 Item
568 4677 727 4759 Georgius
757 4678 974 4760 carpentarius
998 4679 1103 4761 primo
1135 4679 1257 4760 judicio
1289 4693 1397 4741 contra
1424 4678 1619 4762 Gregorium

357 4783 512 4865 voyachar
536 4785 728 4866 respondere
752 4784 857 4848 debet.
