3398 5364
471 1397 619 1495 (Anno
648 1396 831 1488 Domini
861 1392 1212 1493 dccclxxviii).
1312 1506 1319 1519 ,

210 1753 316 1846 Nota,
345 1752 441 1853 quod
469 1775 563 1828 anno
591 1751 735 1828 Domini
765 1752 952 1828 millesimo
986 1749 1185 1829 CCCLXX
1213 1760 1356 1844 octavo,
1384 1753 1477 1829 feria

212 1886 315 1954 sexta
344 1877 508 1978 proxima
536 1883 621 1951 ante
650 1875 864 1951 dominicam
885 1873 1000 1967 Oculi,
1029 1883 1195 1976 tempore
1219 1875 1477 1977 judicatusJo·

215 2002 338 2079 hannis
376 2000 437 2076 filii
465 1999 638 2099 Mar(tini)
677 2000 761 2076 dicti
798 1998 920 2075 Vasas
958 2008 1043 2075 acta
1079 2000 1308 2076 causancium
1345 2000 1478 2076 descri-

767 2123 909 2199 buntur.

738 2331 805 2416 (19.
827 2333 956 2416 martit).

319 2477 428 2539 Primo
453 2456 637 2538 Anthonius
665 2489 696 2539 et
720 2475 867 2539 Thomas
897 2488 1007 2537 contra
1032 2475 1230 2537 Peterlinum
1262 2475 1369 2556 primo
1394 2475 1480 2537 citati

217 2605 280 2647 non
304 2596 565 2666 comparuerunt.

320 2689 400 2750 ltem
417 2688 504 2750 lwan
529 2689 599 2749 Noz
624 2701 734 2749 contra
758 2688 930 2750 Nicolaum
958 2686 1062 2749 lilium
1086 2687 1212 2749 Nicolai
1236 2687 1343 2770 primo
1367 2687 1482 2749 citatus

218 2815 280 2859 non
305 2793 496 2877 comparuit.

319 2900 400 2963 item
434 2900 520 2962 Luca
556 2898 698 2961 carnifex
732 2912 843 2961 contra
877 2897 1087 2961 Valentinum
1118 2898 1223 2981 primo
1262 2897 1378 2960 citatus
1417 2918 1483 2960 non

218 3006 407 3091 comparuit.
1464 3069 1466 3072 ,

322 3113 402 3174 item
437 3110 590 3174 Clemens
625 3124 715 3172 sutor
758 3123 869 3173 contra
904 3110 1086 3173 iohannem
1120 3110 1225 3193 primo
1263 3109 1378 3171 citatus
1417 3130 1483 3172 non

219 3217 408 3301 comparuit.

322 3324 401 3386 ltem
426 3322 617 3406 Mosnarych
642 3336 752 3385 contra
774 3322 948 3384 Nicolaum
979 3321 1117 3384 condam
1141 3321 1282 3403 judicem
1306 3323 1413 3406 primo
1440 3323 1484 3384 ci·

218 3441 301 3493 tatus
325 3448 390 3491 non
415 3429 605 3511 comparuit.

322 3534 403 3597 item
426 3534 535 3597 Mathe
565 3548 596 3597 et
626 3534 801 3597 Merclinus
832 3548 942 3597 contra
974 3534 1059 3596 iwan
1083 3546 1227 3596 sutorem
1258 3534 1365 3616 primo
1397 3533 1485 3596 citati

220 3662 284 3704 non
308 3654 567 3724 comparuerunt.

325 3747 405 3810 ltem
422 3747 575 3811 Nicolaus
591 3746 677 3809 lilius
693 3745 820 3809 Nicolai
837 3746 972 3808 Radeno
990 3746 1022 3807 in
1040 3745 1212 3828 quindenis
1228 3765 1326 3807 unam
1344 3766 1485 3808 marcam

220 3853 391 3937 persolvet.

325 3959 404 4022 item
428 3959 586 4021 Renarius
610 3958 771 4042 Mychaeli
789 3956 950 4040 Orthophi
981 3959 1042 4019 XX
1074 3957 1143 4020 flor.
1168 3958 1236 4019 auri
1260 3958 1293 4018 in
1315 3956 1488 4039 quindenis

221 4066 393 4149 persolvet.

325 4171 404 4233 ltem
436 4170 591 4233 Nicolaus
626 4186 657 4233 et
689 4169 798 4232 Mathe
822 4169 879 4231 filii
912 4170 1050 4231 condam
1082 4168 1207 4232 Crisani
1239 4170 1325 4231 Luce
1358 4169 1488 4231 Bonioli

223 4277 346 4340 concivi
370 4290 479 4340 nostro
502 4290 625 4360 septem
649 4297 771 4340 marcas
795 4289 826 4339 et
848 4277 910 4338 XX
935 4276 1084 4339 denarios
1106 4276 1301 4359 persolvent.

327 4383 406 4446 item
431 4383 585 4446 Nicolaus
607 4382 692 4445 filius
717 4382 843 4446 Crisani
861 4383 1022 4465 Mychaeli
1040 4380 1158 4465 Ortoly
1182 4383 1215 4443 in
1239 4380 1412 4463 quindenis
1434 4401 1488 4444 sex

225 4489 321 4551 rubos
341 4489 461 4573 piperis
484 4489 666 4573 persolvere
692 4489 798 4552 debet.

330 4595 408 4658 ltem
432 4594 536 4658 Ciffus
560 4610 670 4659 contra
701 4595 803 4658 Cursa
834 4594 1126 4657 molendinatorem
1159 4593 1264 4675 primo
1288 4591 1402 4654 citatus
1424 4612 1489 4655 non

227 4703 416 4793 comparuit.

330 4807 409 4870 ltem
434 4806 564 4870 Gerdak
588 4821 696 4871 contra
720 4806 909 4890 Philippum
933 4807 1039 4890 primo
1063 4806 1176 4867 citatus
1200 4823 1265 4865 non
1299 4804 1491 4953 comparuit.
