3404 5362
215 312 254 390 56
587 311 674 385 Anao
696 306 787 387 1376.
812 343 853 354 -
877 323 927 370 22.
952 312 1079 383 augusti.

318 521 396 583 Item
426 541 521 583 causa
552 520 644 583 Pauli
676 521 786 604 Kypar
817 535 849 583 et
872 520 949 583 inan
982 534 1029 583 est
1061 540 1117 604 per
1140 520 1313 582 Nicolaum
1347 521 1476 583 Zreber·

212 627 306 691 nicha
330 627 370 690 ad
395 641 469 690 octo
494 627 562 689 dies
585 640 711 710 recepta
736 627 776 689 ad
800 646 923 711 pacem.

318 735 397 796 Item
430 753 524 796 causa
558 734 663 796 Fortia
695 748 726 796 et
757 733 922 796 Benedicti
955 747 1002 795 est
1024 753 1082 817 per
1113 731 1295 794 iohannem
1323 733 1421 795 Liber
1450 748 1479 794 et

214 841 415 925 Mychaelem
438 841 597 923 Damyani
622 840 663 901 ad
686 854 760 902 octo
789 839 858 901 dies
881 854 1008 923 recepta
1032 839 1073 901 ad
1096 858 1220 922 pacem.

318 947 396 1009 Item
421 946 581 1028 Georgius
614 946 824 1009 stacionarius
855 958 965 1008 contra
990 946 1138 1008 Markum
1173 944 1278 1006 filium
1311 945 1478 1008 Chernech

213 1055 318 1138 primo
343 1054 456 1116 citatus
487 1073 552 1114 non
576 1053 766 1135 comparuit.

319 1159 398 1223 Item
423 1159 606 1221 Anthonius
637 1173 726 1221 sutor
755 1172 865 1221 contra
894 1158 1038 1221 Blasium
1069 1173 1212 1221 sutorem
1235 1158 1343 1240 primo
1368 1157 1480 1219 citatus

213 1286 278 1329 non
302 1266 492 1350 comparuit.

319 1372 397 1434 item
423 1370 552 1433 Lachko
577 1383 687 1433 contra
710 1371 886 1455 parlerium
908 1371 1051 1433 secundo
1075 1371 1188 1433 citatus
1205 1390 1270 1433 non
1288 1371 1480 1453 comparuit.

319 1480 398 1541 Item
415 1499 508 1541 causa
526 1477 681 1540 Johannis
705 1478 821 1540 Lieber
837 1492 867 1539 et
883 1477 1014 1540 alterius
1030 1476 1186 1539 Johannis
1206 1491 1253 1539 est
1277 1497 1334 1560 per
1358 1477 1480 1558 judices

213 1587 253 1649 ad
279 1600 351 1648 octo
385 1585 452 1647 dies
483 1597 654 1668 prorogata
678 1583 718 1645 ad
749 1602 861 1666 pacem
892 1584 918 1645 si
951 1582 1204 1663 concordabunt,
1229 1584 1309 1644 bene
1335 1583 1480 1664 quidem,

214 1692 359 1774 alioquin
384 1691 542 1773 justiciam
565 1691 695 1774 plenam
719 1689 873 1752 faciemus
897 1689 979 1752 inter
1003 1702 1117 1772 partes.

320 1798 398 1859 Item
423 1797 527 1859 Lucas
551 1809 660 1858 contra
684 1796 822 1857 Paulum
846 1808 988 1858 sutorem
1011 1794 1051 1856 ad
1068 1794 1257 1857 mandatum
1281 1794 1398 1876 judicis
1415 1814 1480 1856 non

214 1905 404 1988 comparuit.

320 2010 398 2074 item
423 2010 499 2091 quia
524 2010 648 2091 Regina
673 2010 704 2070 in
729 2009 894 2092 presencia
925 2009 1048 2070 Mareni
1073 2021 1105 2071 et
1129 2007 1278 2090 Gregorii
1309 2008 1405 2089 jurati
1432 2008 1479 2089 ju·

215 2117 318 2179 dicem
341 2116 539 2197 deturpasset
563 2114 689 2176 dicens:
715 2114 793 2196 quid
818 2128 922 2197 potest
946 2115 1042 2176 michi
1070 2114 1164 2195 judex
1189 2113 1303 2193 facere,
1329 2134 1407 2196 ergo
1435 2128 1481 2176 est

214 2222 359 2286 convicta
384 2222 416 2282 in
440 2222 469 2281 X
501 2221 614 2282 marcis
638 2220 862 2297 denariorum
895 2221 997 2304 ipsam
1020 2233 1129 2281 autem
1160 2240 1289 2282 causam
1315 2219 1478 2302 Georgius

214 2329 368 2407 literatus,
392 2341 581 2410 procurator
604 2327 703 2410 ipsius
738 2327 881 2407 domine,
905 2326 946 2388 ad
976 2326 1126 2408 antiquos
1157 2325 1279 2407 judices
1303 2325 1481 2410 appellavit

215 2435 255 2498 ad
278 2436 447 2497 sabbatum
472 2454 558 2495 nunc
582 2433 764 2497 instantem.

293 2652 391 2726 Faria
418 2665 517 2726 sexta
545 2656 700 2743 proxima
727 2662 802 2743 post
831 2654 955 2726 festum
982 2656 1092 2726 sancti
1122 2657 1212 2744 regis
1239 2654 1410 2744 Stephani.

737 2802 803 2884 (22.
826 2805 969 2887 augusta).

320 2946 400 3010 Item
432 2951 526 3009 Anna
558 2947 768 3009 Kusilouicha
799 2962 910 3010 contra
948 2948 1119 3010 luaninum
1152 2947 1257 3031 primo
1288 2949 1385 3011 citata
1416 2969 1482 3012 non

215 3053 405 3136 comparuit.

322 3159 401 3222 Item
426 3159 573 3222 Geninus
597 3174 707 3222 contra
732 3179 864 3222 uxorem
885 3159 979 3223 Mafie
1004 3173 1119 3223 octavo
1143 3161 1196 3223 die
1218 3160 1438 3243 respondebit.

320 3265 399 3328 Item
424 3285 518 3327 causa
553 3266 638 3328 Petri
670 3280 701 3327 et
733 3267 900 3328 Laurencii
934 3266 1026 3348 jurati
1052 3281 1099 3329 est
1121 3287 1178 3351 per
1208 3266 1317 3330 Sibich
1342 3267 1383 3328 ad
1409 3281 1482 3330 octo

216 3373 285 3437 dies
308 3387 436 3454 recepta
459 3371 499 3433 ad
524 3392 646 3455 pacem.

323 3479 401 3541 Item
426 3479 577 3559 magister
600 3477 745 3540 Francha
763 3477 923 3541 aurifaber
944 3493 1053 3540 contra
1075 3480 1195 3541 Lucam
1218 3479 1359 3561 juratum
1375 3481 1482 3562 primo

216 3586 329 3649 citatus
351 3605 417 3647 non
441 3586 630 3667 comparuit.

320 3691 399 3753 item
424 3691 617 3753 Benedictus
641 3690 780 3753 carnifex
806 3705 916 3753 contra
948 3691 1104 3753 Jacobum
1129 3691 1209 3753 Bole
1233 3691 1339 3774 primo
1363 3692 1481 3754 citatus

216 3817 282 3859 non
314 3797 505 3880 comparuit.

320 3903 398 3965 Item
423 3902 581 3986 Mychael,
606 3903 719 3964 Marito
742 3915 773 3965 et
795 3901 921 3985 Cupich
954 3917 1064 3964 contra
1089 3904 1245 3965 Jacobum
1270 3903 1350 3966 Bole
1375 3906 1481 3987 primo

217 4009 303 4072 citati
330 4029 395 4071 non
419 4022 676 4090 comparuerunt.

322 4115 401 4176 item
425 4114 495 4176 Elia
519 4114 603 4176 filius
627 4114 764 4176 Mathias
798 4128 907 4177 contra
932 4115 1087 4177 Jacobum
1113 4116 1192 4178 Bole
1225 4130 1340 4179 octavo
1363 4117 1416 4179 die
1448 4139 1481 4180 se

215 4221 332 4283 tercius
358 4221 475 4302 jurabit
498 4221 530 4282 in
556 4241 605 4300 eo,
641 4220 730 4302 quod
762 4221 828 4303 ipse
858 4240 951 4282 suum
983 4241 1127 4304 pannum
1152 4224 1311 4286 custodire
1342 4243 1409 4286 non
1433 4246 1482 4286 as·

214 4327 401 4411 sumpsisset
425 4326 464 4389 de
489 4326 633 4410 Petouya
657 4327 828 4390 veniendo

322 4434 401 4497 item
425 4434 576 4496 Miclinus
599 4433 721 4514 juratus
744 4435 891 4496 atestabit
914 4447 1028 4497 octavo
1045 4434 1097 4497 die
1121 4455 1179 4518 per
1202 4435 1405 4499 Anthonium
1429 4459 1482 4500 su-

214 4553 329 4621 torem,
353 4540 516 4602 Thomam
541 4539 737 4622 freniparum
762 4553 792 4602 et
816 4541 1016 4603 Anthonium
1042 4542 1143 4603 Reniz
1168 4563 1203 4604 ac
1229 4544 1385 4606 Jacobum
1413 4546 1482 4628 pel-

215 4644 331 4708 lificem
355 4660 463 4708 contra
482 4647 655 4728 Baptistam
672 4667 768 4729 super
788 4667 837 4726 eo,
856 4647 944 4729 quod
969 4649 1073 4730 ipsum
1091 4649 1122 4709 in
1140 4647 1221 4711 festo
1246 4652 1336 4712 beate
1355 4652 1483 4733 Marga-

216 4752 302 4816 retho
325 4753 357 4814 in
382 4752 536 4815 nundinis
564 4753 801 4837 vituperaverit.
