3404 5362
487 304 572 360 Anno
595 313 682 379 1377.
711 337 748 345 -
775 318 826 376 29.
852 306 936 363 titali.
1303 322 1339 383 9¹

185 513 262 574 Item
289 513 442 596 Gyurgelc
476 514 647 596 calcaripar
678 530 787 576 contra
821 514 936 597 Gyuan
969 514 1110 576 secundo
1143 516 1255 577 citatus
1279 536 1344 576 nou

92 621 268 702 comparuit.

185 727 263 788 Item
297 726 413 810 Gyuan
447 741 557 788 contra
594 726 771 809 Georgium
804 743 958 790 sartorem
992 728 1097 809 primo
1129 728 1242 789 citatus
1279 747 1344 788 non

89 833 268 915 comparuit.

183 938 261 999 ltem
288 939 401 1010 Paulas
426 954 535 1000 contra
561 939 739 1000 lwaninum
757 939 862 1021 primo
887 940 1000 1001 citatus
1025 960 1088 1000 non
1114 940 1301 1021 comparuit.

182 1045 261 1106 ltem
286 1065 378 1105 causa
404 1044 536 1126 Georgii
562 1046 750 1126 carpentarii
777 1059 806 1105 et
833 1046 1001 1106 Laurencii
1027 1047 1191 1106 assessoris
1215 1059 1261 1107 est
1284 1065 1342 1127 per

89 1149 233 1232 Gyurgelc
259 1150 362 1212 lilium
387 1152 512 1212 Nicolai
536 1152 575 1211 ad
600 1166 673 1212 octo
702 1151 770 1212 dies
794 1166 919 1233 recepta
943 1152 982 1212 ad
1007 1170 1131 1232 pacem.

186 1256 265 1317 ltem
291 1258 408 1318 Paulus
431 1272 545 1318 octavo
570 1258 620 1317 die
641 1277 697 1339 per
716 1258 882 1318 Miclinum
905 1272 935 1319 et
960 1256 1158 1338 Stephanum
1184 1257 1347 1335 atestabit,

88 1365 169 1443 quod
195 1364 349 1425 Nicolaus
373 1363 550 1425 hlalchiche
575 1365 666 1425 uxori
694 1384 748 1424 sue
782 1365 928 1425 universa
954 1364 1037 1424 bona
1070 1384 1125 1425 sua
1157 1363 1340 1440 dimisisset,

84 1469 142 1550 ipsa
168 1483 276 1531 autem
303 1469 481 1531 Malchicha
511 1471 617 1531 eidem
642 1470 742 1531 Paulo
775 1469 862 1531 fratri
887 1490 945 1530 suo
978 1469 1118 1530 dedisset
1142 1484 1177 1554 et
1198 1469 1342 1549 legasset.

182 1577 260 1637 ltem
286 1597 378 1637 causa
405 1576 535 1657 Georgii
562 1577 677 1638 literati
703 1592 732 1635 et
766 1576 920 1636 Johannis
945 1576 1108 1637 Chemerii
1135 1589 1181 1637 est
1205 1575 1244 1635 ad
1269 1589 1343 1636 octo

82 1681 144 1743 dies
168 1681 408 1765 perhemptorie
439 1697 610 1764 prorogata
642 1703 715 1743 cum
748 1681 950 1744 exhibicione
982 1683 1205 1746 universorum
1230 1683 1343 1743 instru-

82 1803 261 1850 mentorum
286 1809 344 1871 per
368 1788 507 1850 eundem
533 1790 723 1850 Johanuem.

185 1895 262 1956 ltem
290 1915 384 1956 causa
410 1894 564 1976 Stephani
598 1909 629 1956 et
660 1896 756 1956 Blasii
783 1909 829 1955 est
861 1914 917 1976 per
942 1893 1136 1975 Gregorium
1169 1914 1279 1955 voscar
1304 1894 1344 1955 ad

84 2015 152 2062 octo
178 2001 248 2062 dies
273 2017 398 2083 recepta
420 2001 458 2062 ad
484 2021 605 2083 pacem.

186 2105 265 2167 ltem
292 2126 385 2167 causa
410 2108 535 2168 Nicolai
568 2120 598 2168 et
620 2108 783 2169 Valentini
809 2122 855 2169 est
886 2128 942 2188 per
967 2107 1169 2169 Clementem
1194 2105 1345 2167 Zirothlce

81 2212 116 2271 ad
144 2227 219 2273 octo
245 2212 313 2273 dies
338 2228 462 2296 recepta
488 2213 526 2274 ad
552 2233 675 2295 pacem.

184 2318 264 2380 ltem
290 2339 383 2380 causa
408 2320 564 2380 Anthonii
590 2335 620 2381 et
644 2320 794 2382 Chuethlc
827 2335 873 2381 est
896 2341 953 2403 per
975 2320 1174 2402 Stephanum
1200 2316 1344 2379 Pundich

80 2425 118 2485 ad
142 2440 217 2486 octo
242 2425 310 2487 dies
336 2441 460 2508 recepta
485 2427 524 2487 ad
550 2447 671 2507 pacem.

186 2533 263 2593 ltem
290 2532 451 2613 Georgius
476 2547 586 2594 contra
611 2534 738 2594 Petrum
768 2533 910 2594 secundo
927 2533 1040 2594 citatus
1065 2553 1130 2594 non
1155 2531 1345 2613 comparuit.

185 2640 261 2700 ltem
288 2638 451 2701 lohannes
476 2640 571 2700 Liber
598 2653 708 2700 contra
738 2638 846 2700 Sibich
869 2653 983 2700 octavo
1007 2640 1059 2699 die
1083 2637 1300 2720 respondebit.

183 2745 284 2807 Nota!
310 2746 397 2826 quod
423 2746 546 2827 pridem
573 2746 735 2806 lohannes
758 2759 789 2807 et
817 2745 963 2806 Thomas
987 2745 1042 2806 filii
1069 2743 1192 2806 Dedich
1218 2744 1257 2805 de
1275 2744 1345 2804 Mo·

77 2850 174 2912 rocha
199 2851 239 2913 de
264 2851 351 2913 Gora
378 2852 409 2912 in
434 2865 575 2913 nostram
609 2851 810 2933 judiciariam
841 2851 1006 2912 venientes
1030 2850 1228 2933 presenciam
1254 2848 1346 2909 nobis

77 2955 269 3018 detexerunt
294 2958 477 3037 queruloso,
502 2958 589 3038 quod
616 2958 674 3040 ipsi
700 2957 841 3038 quodam
871 2971 1016 3038 tempore
1042 2958 1185 3038 ipsorum
1210 2954 1345 3016 literalia

77 3061 293 3124 instrumenta
320 3064 405 3124 ane
441 3064 592 3145 selliparo
617 3064 740 3125 concivi
771 3077 880 3124 nostro
904 3064 944 3124 ad
969 3061 1225 3124 conservandum
1249 3061 1345 3122 tradi·

77 3167 213 3246 dissent,
239 3188 297 3230 nec
322 3169 405 3250 ipsas
429 3171 474 3230 eis
499 3170 538 3230 ad
575 3170 728 3252 plurimas
760 3171 936 3251 peticiones
960 3189 1072 3231 eorum
1104 3169 1267 3229 restituere
1292 3187 1344 3228 cu-

78 3288 180 3335 rasset
204 3274 323 3352 dicens,
356 3276 443 3355 quod
477 3276 508 3335 in
540 3276 803 3337 concremacione
835 3277 970 3337 civitatis
995 3289 1099 3336 nostre
1132 3273 1345 3335 habitacionis

79 3394 284 3441 concremate
310 3379 442 3441 luissent
464 3396 493 3441 et
518 3383 710 3457 extitissent;
749 3383 980 3462 quemquidem
1011 3383 1128 3442 Lucam
1154 3380 1340 3461 selliparum

81 3487 113 3546 in
138 3499 280 3547 nost-ram
297 3487 497 3568 presenciam
514 3507 626 3548 vocare
644 3486 777 3549 lecimus
794 3502 824 3549 et
841 3488 1012 3568 diligenter
1028 3487 1216 3568 interrogari
1234 3498 1340 3545 utrum

78 3592 147 3674 ipse
172 3592 263 3653 litere
288 3593 350 3654 sint
374 3593 496 3674 perdite
533 3594 583 3653 vel
608 3613 658 3672 ne,
690 3594 880 3674 quiquidem
914 3595 1072 3654 asserebat
1104 3593 1135 3653 in
1161 3609 1344 3653 concrema-

79 3698 175 3759 cione
201 3699 337 3760 civitatis
354 3713 554 3761 concremate
580 3701 770 3776 extitissent;
787 3719 883 3783 super
899 3720 964 3780 quo
990 3699 1072 3761 lacto
1098 3699 1241 3781 predicto
1259 3698 1345 3759 Luce

76 3824 111 3865 se
138 3817 228 3866 sexto
253 3804 510 3886 adjudicavimus
541 3806 703 3887 deponere
735 3805 963 3887 juramentum,
994 3805 1081 3887 quod
1107 3806 1173 3887 ipse
1197 3806 1287 3866 litere
1313 3804 1345 3864 in

76 3911 345 3973 concremacione
377 3912 519 3994 predicte
553 3913 688 3974 civitatis
719 3925 920 3974 concremate
952 3915 1014 3973 sint
1044 3927 1075 3974 et
1106 3912 1250 3988 existant,
1274 3910 1344 3991 qui-

77 4016 214 4099 quidem
240 4018 344 4079 Lucas
367 4037 461 4079 suum
486 4032 522 4079 ut
550 4018 661 4080 debuit
692 4019 901 4100 solempniter
932 4018 1080 4100 deposuit
1110 4031 1343 4079 sacramentum

76 4122 269 4203 afirmando,
294 4123 382 4205 quod
399 4123 486 4206 apud
505 4124 608 4206 ipsum
634 4124 775 4207 predicte
793 4125 883 4187 litere
909 4124 1042 4185 luissent
1066 4125 1121 4185 sed
1147 4125 1178 4186 in
1203 4123 1344 4206 predicta

77 4231 342 4293 concremacione
366 4231 481 4293 amisse
507 4245 538 4293 et
561 4231 684 4313 perdite
710 4230 896 4294 extitissent.

184 4337 262 4399 ltem
288 4337 477 4399 Pauerlinus
501 4350 610 4400 contra
635 4337 790 4400 Mathiam
815 4352 956 4400 sutorem
982 4337 1125 4401 secundo
1149 4337 1261 4400 citatus
1277 4357 1343 4398 non

76 4445 268 4526 comparuit.

186 4549 264 4612 ltem
290 4571 383 4613 causa
407 4552 478 4612 Noz
511 4565 542 4612 et
573 4550 695 4613 Mareni
720 4564 767 4612 est
790 4571 846 4634 per
875 4550 1073 4634 Stephanum
1105 4552 1144 4612 ad
1169 4564 1242 4613 octo
1274 4550 1343 4612 dies

77 4670 205 4739 recepta
229 4656 269 4719 ad
294 4676 415 4738 pacem.

185 4763 264 4825 ltem
290 4764 378 4824 Mark
396 4777 506 4825 contra
532 4763 707 4846 Symonem
726 4765 913 4827 sallivenam
931 4777 977 4825 est
993 4764 1128 4826 omnino
1145 4762 1341 4845 justificatus.
