3404 5362
527 322 613 379 Anno
636 317 727 398 1378.
754 355 794 364 —
819 336 846 398 7.
871 322 1042 395 septembris.

259 530 336 593 ltem
361 532 469 593 Mathe
494 548 582 593 sutor
608 547 717 593 contra
735 531 905 593 Nicolaum
930 531 1067 610 juratum
1093 533 1198 614 primo
1220 533 1334 594 citatus
1351 552 1418 595 non

134 638 342 719 comparuit.

267 743 342 804 Item
362 743 524 805 Janslinus
547 742 707 806 aurifaber
732 764 787 826 per
804 744 974 806 Nicolaum
1000 743 1117 806 ruffum
1142 759 1173 806 et
1196 744 1339 806 Blasium
1355 759 1420 806 ate·

134 849 262 927 stabit,
289 863 360 931 post
390 850 566 912 adventum
591 851 690 932 ipsius
714 851 810 913 Blasii
836 850 940 932 primo
972 851 1102 932 judicio,
1134 851 1222 933 quod
1248 851 1349 913 Lucas
1379 850 1420 912 de

135 953 224 1038 Gay
249 956 309 1017 sibi
333 976 391 1037 pro
413 957 515 1018 tribus
540 957 653 1019 marcis
678 956 845 1018 fideiussor
869 958 1015 1020 extiterit.

258 1078 333 1141 ltem
359 1100 475 1162 parvus
500 1081 587 1143 Elias
612 1097 721 1143 contra
746 1081 947 1143 Anthonium
973 1083 1071 1143 tercio
1097 1082 1210 1145 citatus
1234 1101 1299 1143 non
1332 1101 1419 1144 cotu-

137 1200 272 1267 paruit.

175 1423 277 1498 Feria
306 1427 412 1497 tertia
440 1428 594 1514 proxima
623 1435 700 1497 ante
728 1426 851 1498 festum
881 1426 1081 1497 Nativitatis
1107 1428 1249 1514 virginis
1277 1426 1392 1497 llarie.

664 1597 705 1673 (7.
721 1598 905 1673 septembris).

260 1752 369 1813 Primo
394 1772 473 1814 uxor
497 1753 665 1836 Wrouych
683 1768 797 1816 octavo
823 1755 873 1815 die
892 1770 1001 1816 contra
1027 1755 1194 1817 dominam
1211 1754 1305 1815 llsam
1322 1774 1419 1836 super

137 1855 238 1920 XVll
265 1860 367 1920 nezek
391 1860 514 1940 argenti
539 1859 665 1938 jurabit.

259 1964 337 2026 ltem
356 1965 475 2027 Paulus
498 1980 586 2027 sutor
611 1980 721 2028 contra
740 1966 904 2028 Thomam
927 1981 1068 2028 sutorem
1093 1968 1197 2051 primo
1215 1968 1328 2029 citatus
1352 1986 1417 2028 non

134 2071 340 2153 comparuit.

258 2177 336 2239 ltem
361 2197 455 2238 causa
479 2177 635 2239 Anthonii
660 2191 690 2239 et
720 2178 813 2241 Tade
845 2193 891 2241 est
924 2199 981 2261 per
1005 2180 1175 2242 Nicolaum
1208 2180 1345 2241 condam
1369 2179 1417 2259 ju·

134 2282 254 2346 dicem
279 2284 319 2344 ad
344 2282 457 2344 leriam
481 2298 601 2345 sextam
626 2299 751 2366 recepta
776 2284 816 2345 ad
840 2305 962 2366 pacem.

260 2389 336 2450 ltem
364 2388 525 2471 Georgius
541 2404 642 2451 sartor
666 2403 777 2452 contra
795 2390 972 2472 Georgium
998 2406 1112 2454 octavo
1129 2393 1181 2454 die
1198 2392 1416 2474 respondebit.

257 2495 333 2556 ltem
359 2515 454 2556 causa
489 2494 621 2578 Georgii
654 2497 820 2558 assessoris
850 2512 880 2557 et
912 2498 1041 2559 Martini
1074 2498 1169 2580 Piper
1192 2512 1238 2559 est
1269 2518 1326 2580 per
1349 2499 1417 2560 Ma·

132 2617 261 2662 renum
286 2601 326 2662 ad
351 2615 424 2662 octo
449 2601 518 2662 dies
543 2616 668 2682 recepta
691 2602 731 2662 ad
756 2622 879 2684 pacem.

257 2724 335 2787 ltem
360 2745 454 2787 causa
480 2745 592 2787 voscar
616 2741 646 2788 et
672 2726 817 2788 Mauricii
843 2741 889 2789 est
913 2747 969 2809 per
994 2727 1171 2810 Georgium
1197 2741 1351 2789 sartorem
1377 2728 1417 2789 ad

134 2844 221 2892 octo
247 2829 315 2891 dies
340 2844 465 2912 recepta
490 2831 530 2891 ad
556 2850 678 2913 pacem.

256 2936 334 2997 ltem
359 2936 522 2998 lohannes
546 2937 710 3000 Chemerii
735 2953 845 3001 contra
863 2939 1042 3020 Georgium
1066 2940 1240 3001 litteratum
1266 2954 1298 3002 et
1320 2959 1415 3001 suum

133 3038 297 3103 libellum
320 3056 434 3104 octavo
459 3042 510 3104 die
536 3044 752 3125 respondebit.

258 3165 335 3228 ltem
363 3165 522 3247 Georgius
547 3168 720 3250 calcaripar
744 3182 852 3230 contra
878 3169 1049 3231 Nicolaum
1075 3169 1199 3233 Odolas
1223 3184 1337 3231 octavo
1363 3170 1415 3231 die

138 3273 369 3355 respondebit.

254 3379 333 3441 ltem
357 3398 450 3441 causa
477 3378 608 3461 Georgii
635 3395 666 3443 et
691 3382 806 3443 Lieber
829 3396 876 3444 est
897 3402 953 3464 per
971 3382 1163 3445 Mauricium
1189 3382 1228 3442 ad
1253 3395 1326 3444 octo
1344 3382 1413 3444 dies

139 3484 300 3567 (recepta)
324 3485 365 3546 ad
389 3484 526 3568 pacem]

258 3591 336 3654 ltem
362 3591 516 3653 Nicolaus
540 3593 688 3655 sacerdos
716 3607 746 3655 et
771 3594 933 3656 lohannes
964 3609 1073 3656 contra
1098 3594 1269 3656 Nicolaum
1294 3594 1418 3658 Odolas

144 3696 294 3759 secundo
326 3696 412 3759 citati
437 3717 502 3759 non
531 3715 790 3781 comparuerunt.

258 3803 336 3865 ltem
361 3803 529 3887 Philippus
553 3804 638 3867 filius
669 3806 751 3867 luha
782 3807 993 3888 solempniter
1024 3807 1268 3888 quatuordecim
1293 3807 1417 3869 civibus

144 3911 307 3989 attestant,
332 3909 420 3991 quod
445 3911 586 3992 quadarn
619 3913 712 3973 vinea
745 3913 842 3994 patris
873 3914 921 3974 sui
946 3927 977 3975 et
1001 3933 1057 3974 sua
1090 3914 1253 3992 extitisset,
1278 3913 1417 3975 lacobus

145 4030 257 4078 autem
283 4015 414 4098 pellifex
438 4017 477 4078 ad
504 4037 633 4099 presens
657 4018 744 4080 nulla
779 4019 847 4098 jura
871 4019 1048 4101 producere
1079 4020 1182 4081 valuit
1204 4039 1299 4102 super
1323 4019 1417 4082 vinea

148 4122 302 4203 predicta,
326 4122 382 4184 sed
407 4125 567 4185 asserebat
590 4145 622 4186 se
646 4123 715 4205 jura
740 4124 856 4187 habere
880 4125 920 4187 de
944 4126 1068 4188 eadem.

259 4246 337 4308 ltern
362 4266 456 4309 causa
481 4248 620 4310 Ladislai
645 4248 738 4329 jurati
771 4266 802 4310 et
833 4250 917 4311 Petri
943 4250 1055 4312 decani
1085 4265 1132 4313 est
1156 4271 1212 4333 per
1236 4250 1416 4312 lohannem

151 4350 312 4414 Chemerii
338 4366 368 4414 et
392 4354 562 4416 Nicolaum
587 4354 711 4417 Odolas
735 4355 775 4416 ad
800 4369 873 4417 octo
898 4355 967 4416 dies
991 4371 1116 4438 recepta
1138 4357 1178 4418 ad
1202 4376 1325 4439 pacem.

254 4458 333 4520 ltem
359 4459 514 4521 Martinus
540 4461 712 4544 Hungarus
732 4475 841 4523 contra
860 4462 1095 4543 Margaretham
1112 4464 1281 4525 mulierem
1299 4477 1415 4526 octavo

151 4562 225 4645 (die)
254 4565 472 4646 respondebit.

256 4671 335 4732 ltem
369 4671 552 4733 Anthonius
584 4673 707 4735 Jursich
740 4689 849 4736 contra
882 4675 997 4737 Paulas
1033 4676 1175 4738 secundo
1206 4676 1320 4739 citatus
1350 4696 1415 4738 non

153 4776 340 4857 comparuit.
