3404 5362
591 95 677 153 Anno
699 89 792 172 1385.
814 127 859 138 -
881 107 930 155 21.
946 96 1098 172 januarii.
1419 110 1481 172 229

319 305 399 367 Item
423 306 507 369 Rees
538 305 681 368 secundo
712 325 746 367 se
776 305 904 388 jurabit,
928 306 1016 388 quod
1048 306 1116 389 ipse
1140 306 1223 366 Rees
1256 324 1312 388 per
1337 304 1482 386 quinque

211 431 315 473 annos
339 412 380 474 de
405 411 663 494 possessionibus
693 412 845 474 Peterlini
876 431 942 473 non
973 424 1098 474 tantum
1130 412 1300 494 recepisset
1324 424 1482 492 quantum

211 517 250 580 ad
275 517 409 580 easdem
434 517 648 600 expendisset.

319 625 399 686 Item
424 625 508 687 Rees
529 623 618 686 solus
642 644 738 707 super
762 644 800 686 eo
823 624 952 707 jurabit,
977 625 1065 706 quod
1090 625 1150 686 sibi
1175 624 1323 706 Peterlyn
1341 623 1482 705 quedam

212 731 373 809 clenodia,
391 745 485 814 ceput
502 729 642 793 ferreum
661 744 693 793 et
708 731 770 793 alia
791 732 967 794 necessaria
980 752 1038 814 pro
1055 746 1128 793 octo
1145 731 1260 793 marcis
1276 730 1482 792 denariorum
1534 751 1536 755 ’

211 838 341 920 pignori
365 837 558 919 obligasset3
583 837 650 920 ipse
678 851 786 900 autem
814 837 963 921 Peterlyn
987 857 1100 900 omnes
1131 858 1241 900 causas
1266 837 1306 899 ad
1331 837 1483 918 antiquos

212 943 336 1025 judices
361 943 546 1027 appellavit.

320 1051 398 1112 ltem
424 1050 565 1132 quedam
589 1050 684 1112 vinea
709 1049 865 1113 iohannis
887 1049 945 1112 filii
963 1051 1081 1113 Donati
1104 1050 1271 1112 Anthonio
1295 1049 1398 1130 jurato
1414 1047 1483 1110 filio

212 1157 313 1218 Renis
338 1177 399 1240 pro
422 1157 553 1238 triginta
580 1157 687 1219 minus
705 1157 833 1219 duobus
856 1155 1021 1238 (florenis),
1045 1157 1133 1239 quod
1150 1156 1237 1218 solus
1253 1175 1319 1217 non
1343 1155 1483 1236 negavit,

213 1278 243 1325 et
266 1263 370 1325 eciam
397 1262 483 1324 idem
508 1261 697 1325 Anthonius
720 1262 854 1345 juridice
878 1263 1027 1325 obtinuit.
1052 1261 1132 1345 (sic).

320 1369 400 1431 Item
425 1368 534 1430 relicta
560 1368 774 1431 Zrebernicha
798 1382 830 1431 et
852 1369 918 1431 filia
942 1388 1009 1447 sua,
1042 1368 1185 1450 quelibet
1219 1368 1319 1431 tercio
1343 1387 1377 1429 se
1399 1366 1483 1449 jura·

215 1477 303 1555 bunt,
328 1475 419 1558 quod
435 1475 503 1558 ipse
527 1475 560 1536 in
582 1475 778 1557 quibusdam
793 1476 1035 1539 cantaoionibus
1051 1489 1161 1538 contra
1179 1474 1371 1557 Gregorium
1391 1475 1482 1536 inno·

215 1594 321 1643 centes
346 1595 461 1646 essent.

319 1687 398 1749 ltem
423 1688 565 1750 Rosman
592 1687 670 1751 feria
687 1689 784 1751 tercia
808 1707 865 1771 per
880 1687 1073 1750 Michaelem
1097 1687 1199 1750 lilium
1217 1686 1379 1765 Damiani,
1395 1685 1482 1750 Iwan

216 1793 384 1872 Wrouich‚
403 1795 562 1857 Jacobum
580 1794 642 1858 hoc
666 1796 824 1875 atestabit,
842 1794 930 1875 quod
944 1795 1049 1877 ipsum
1068 1793 1175 1856 Mathe
1192 1813 1258 1856 non
1275 1793 1481 1864 vulnerasset.

375 2033 521 2107 Sabbato
549 2036 703 2125 proximo
731 2041 808 2125 post
834 2034 957 2107 festum
984 2035 1094 2105 sancti
1122 2033 1322 2105 sebastiani.

729 2202 790 2262 (21.
805 2187 970 2265 ybnuarii).

322 2329 401 2392 ltem
427 2348 555 2392 causum
592 2330 675 2391 inter
704 2329 874 2391 dominum
904 2327 1084 2390 Johaunem
1113 2326 1313 2389 sacerdotem
1344 2337 1376 2386 et
1398 2325 1482 2387 Mar·

219 2434 317 2497 tinum
344 2433 472 2497 fabrum
497 2455 554 2518 per
576 2433 697 2516 juratos
720 2434 904 2517 judicatam,
937 2433 1053 2496 eodem
1077 2433 1176 2495 modo
1201 2431 1437 2495 confirmamus.

324 2540 404 2603 ltem
430 2541 595 2603 universas
627 2561 737 2603 causas
767 2555 798 2603 et
829 2540 973 2622 quelibet
1004 2539 1111 2601 debita
1136 2539 1188 2600 vel
1219 2537 1484 2600 conservaciones

219 2663 320 2710 rerum
346 2662 377 2709 et
402 2648 564 2709 bonorum
589 2647 740 2709 Peterlini
765 2646 867 2708 sedari
893 2659 924 2708 et
948 2646 1047 2728 sopiri
1073 2644 1216 2707 fecerunt
1240 2644 1322 2705 inter
1346 2644 1429 2704 Rees
1452 2656 1484 2705 et

218 2753 355 2816 eundem
383 2753 532 2838 Peterlyn
558 2754 611 2832 ita,
631 2753 719 2836 quod
740 2752 848 2815 nullus
863 2772 959 2836 super
976 2753 1112 2815 alterum
1136 2770 1238 2833 usque
1256 2770 1341 2813 nunc
1358 2750 1482 2832 aliquid

214 2861 314 2938 possit
340 2879 475 2943 querere
507 2874 562 2922 aut
594 2860 684 2922 litem
708 2860 877 2936 suscitare;
908 2860 969 2922 boc
993 2858 1137 2940 adjecto,
1169 2855 1256 2940 quod
1289 2857 1375 2918 idem
1399 2857 1483 2919 Rees

211 2980 316 3050 usque
340 2967 477 3030 tercium
503 2967 590 3029 diem
617 2967 762 3048 quinque
778 2985 901 3028 marcas
925 2965 1029 3027 eidem
1047 2966 1218 3047 Peterlyno
1235 2963 1359 3025 solvere
1376 2963 1482 3028 debet.
