<?xml version="1.0" encoding="UTF-8"?>
<!DOCTYPE html PUBLIC "-//W3C//DTD XHTML 1.0 Transitional//EN"
    "http://www.w3.org/TR/xhtml1/DTD/xhtml1-transitional.dtd">
<html xmlns="http://www.w3.org/1999/xhtml" xml:lang="en" lang="en">
 <head>
  <title>
</title>
<meta http-equiv="Content-Type" content="text/html;charset=utf-8" />
  <meta name='ocr-system' content='tesseract 3.04.00' />
  <meta name='ocr-capabilities' content='ocr_page ocr_carea ocr_par ocr_line ocrx_word'/>
</head>
<body>
  <div class='ocr_page' id='page_1' title='image "./monumentahistor04laszgoog/monumentahistor04laszgoog_0177.png"; bbox 0 0 3404 5362; ppageno 0'>
   <div class='ocr_carea' id='block_1_1' title="bbox 216 395 1060 476">
    <p class='ocr_par' dir='ltr' id='par_1_1' title="bbox 216 395 1060 476">
     <span class='ocr_line' id='line_1_1' title="bbox 216 395 1060 476; baseline -0.005 -14"><span class='ocrx_word' id='word_1_1' title='bbox 216 400 275 462; x_wconf 90' lang='lat'><strong>128</strong></span> <span class='ocrx_word' id='word_1_2' title='bbox 613 395 815 476; x_wconf 74' lang='lat' dir='ltr'><strong>Ann01378.</strong></span> <span class='ocrx_word' id='word_1_3' title='bbox 839 434 883 444; x_wconf 97' lang='lat'>—</span> <span class='ocrx_word' id='word_1_4' title='bbox 907 414 954 460; x_wconf 83' lang='grc' dir='ltr'><strong>η.</strong></span> <span class='ocrx_word' id='word_1_5' title='bbox 978 401 1060 458; x_wconf 68' lang='lat' dir='ltr'><strong>mair.</strong></span> 
     </span>
    </p>
   </div>
   <div class='ocr_carea' id='block_1_2' title="bbox 212 655 1481 852">
    <p class='ocr_par' dir='ltr' id='par_1_2' title="bbox 212 655 1481 852">
     <span class='ocr_line' id='line_1_2' title="bbox 212 655 1481 748; baseline -0.006 -17"><span class='ocrx_word' id='word_1_6' title='bbox 212 657 308 732; x_wconf 84' lang='lat' dir='ltr'><strong>Feria</strong></span> <span class='ocrx_word' id='word_1_7' title='bbox 336 659 444 730; x_wconf 87' lang='lat' dir='ltr'><strong>tercia</strong></span> <span class='ocrx_word' id='word_1_8' title='bbox 471 659 628 748; x_wconf 84' lang='lat' dir='ltr'><strong>proxima</strong></span> <span class='ocrx_word' id='word_1_9' title='bbox 646 663 723 748; x_wconf 87' lang='lat' dir='ltr'><strong>post</strong></span> <span class='ocrx_word' id='word_1_10' title='bbox 751 656 876 729; x_wconf 83' lang='lat' dir='ltr'><strong>festum</strong></span> <span class='ocrx_word' id='word_1_11' title='bbox 903 657 1015 726; x_wconf 72' lang='lat' dir='ltr'><strong>sandi</strong></span> <span class='ocrx_word' id='word_1_12' title='bbox 1043 655 1208 745; x_wconf 79' lang='lat' dir='ltr'><strong>JohannIs</strong></span> <span class='ocrx_word' id='word_1_13' title='bbox 1235 661 1315 725; x_wconf 90' lang='lat' dir='ltr'><strong>ante</strong></span> <span class='ocrx_word' id='word_1_14' title='bbox 1346 659 1481 743; x_wconf 86' lang='lat' dir='ltr'><strong>portam</strong></span> 
     </span>
     <span class='ocr_line' id='line_1_3' title="bbox 769 782 921 852; baseline 0 -1"><span class='ocrx_word' id='word_1_15' title='bbox 769 782 921 852; x_wconf 87' lang='lat' dir='ltr'><strong>latinam</strong></span> 
     </span>
    </p>
   </div>
   <div class='ocr_carea' id='block_1_3' title="bbox 759 949 944 1030">
    <p class='ocr_par' dir='ltr' id='par_1_3' title="bbox 759 949 944 1030">
     <span class='ocr_line' id='line_1_4' title="bbox 759 949 944 1030; baseline 0.005 -21"><span class='ocrx_word' id='word_1_16' title='bbox 759 949 823 1030; x_wconf 82' lang='grc' dir='ltr'><em>(ιι.</em></span> <span class='ocrx_word' id='word_1_17' title='bbox 847 952 944 1025; x_wconf 77' lang='lat' dir='ltr'><strong>maii).</strong></span> 
     </span>
    </p>
   </div>
   <div class='ocr_carea' id='block_1_4' title="bbox 215 1104 1498 4589">
    <p class='ocr_par' dir='ltr' id='par_1_4' title="bbox 215 1104 1483 1300">
     <span class='ocr_line' id='line_1_5' title="bbox 320 1104 1483 1188; baseline -0.008 -15"><span class='ocrx_word' id='word_1_18' title='bbox 320 1111 429 1173; x_wconf 82' lang='lat' dir='ltr'><strong>PrImo</strong></span> <span class='ocrx_word' id='word_1_19' title='bbox 468 1110 573 1171; x_wconf 91' lang='lat' dir='ltr'><strong>Blasia</strong></span> <span class='ocrx_word' id='word_1_20' title='bbox 616 1109 732 1171; x_wconf 90' lang='lat' dir='ltr'><strong>mulier</strong></span> <span class='ocrx_word' id='word_1_21' title='bbox 766 1123 877 1171; x_wconf 84' lang='lat' dir='ltr'><strong>contra</strong></span> <span class='ocrx_word' id='word_1_22' title='bbox 919 1108 1091 1170; x_wconf 81' lang='lat' dir='ltr'><strong>Nicolaum</strong></span> <span class='ocrx_word' id='word_1_23' title='bbox 1132 1106 1238 1188; x_wconf 90' lang='lat' dir='ltr'><strong>primo</strong></span> <span class='ocrx_word' id='word_1_24' title='bbox 1281 1104 1376 1166; x_wconf 88' lang='lat' dir='ltr'><strong>citata</strong></span> <span class='ocrx_word' id='word_1_25' title='bbox 1417 1121 1483 1164; x_wconf 92' lang='lat' dir='ltr'><strong>non</strong></span> 
     </span>
     <span class='ocr_line' id='line_1_6' title="bbox 215 1217 404 1300; baseline -0.005 -20"><span class='ocrx_word' id='word_1_26' title='bbox 215 1217 404 1300; x_wconf 81' lang='lat' dir='ltr'>comparuit.</span> 
     </span>
    </p>

    <p class='ocr_par' dir='ltr' id='par_1_5' title="bbox 216 1318 1481 1508">
     <span class='ocr_line' id='line_1_7' title="bbox 324 1318 1481 1401; baseline -0.005 -18"><span class='ocrx_word' id='word_1_27' title='bbox 324 1323 402 1383; x_wconf 86' lang='lat' dir='ltr'><strong>Item</strong></span> <span class='ocrx_word' id='word_1_28' title='bbox 425 1322 510 1383; x_wconf 74' lang='lat' dir='ltr'><strong>l&#39;ido</strong></span> <span class='ocrx_word' id='word_1_29' title='bbox 534 1336 635 1384; x_wconf 80' lang='lat' dir='ltr'>sartor</span> <span class='ocrx_word' id='word_1_30' title='bbox 658 1337 769 1385; x_wconf 84' lang='lat' dir='ltr'><strong>contra</strong></span> <span class='ocrx_word' id='word_1_31' title='bbox 793 1322 964 1384; x_wconf 82' lang='lat' dir='ltr'><strong>Nicolaum</strong></span> <span class='ocrx_word' id='word_1_32' title='bbox 988 1319 1202 1382; x_wconf 83' lang='lat' dir='ltr'><strong>Zrebernicba</strong></span> <span class='ocrx_word' id='word_1_33' title='bbox 1225 1318 1333 1401; x_wconf 91' lang='lat' dir='ltr'><strong>primo</strong></span> <span class='ocrx_word' id='word_1_34' title='bbox 1365 1318 1481 1379; x_wconf 91' lang='lat' dir='ltr'><strong>citatus</strong></span> 
     </span>
     <span class='ocr_line' id='line_1_8' title="bbox 216 1427 496 1508; baseline -0.007 -16"><span class='ocrx_word' id='word_1_35' title='bbox 216 1449 282 1492; x_wconf 93' lang='lat' dir='ltr'><strong>non</strong></span> <span class='ocrx_word' id='word_1_36' title='bbox 306 1427 496 1508; x_wconf 84' lang='lat' dir='ltr'>comparuit.</span> 
     </span>
    </p>

    <p class='ocr_par' dir='ltr' id='par_1_6' title="bbox 323 1530 1484 1615">
     <span class='ocr_line' id='line_1_9' title="bbox 323 1530 1484 1615; baseline -0.003 -19"><span class='ocrx_word' id='word_1_37' title='bbox 323 1535 401 1596; x_wconf 90' lang='lat' dir='ltr'><strong>Item</strong></span> <span class='ocrx_word' id='word_1_38' title='bbox 414 1533 567 1596; x_wconf 84' lang='lat' dir='ltr'>Clemens</span> <span class='ocrx_word' id='word_1_39' title='bbox 579 1548 666 1596; x_wconf 89' lang='lat' dir='ltr'><strong>sutor</strong></span> <span class='ocrx_word' id='word_1_40' title='bbox 676 1534 855 1595; x_wconf 83' lang='lat' dir='ltr'><strong>Laurentio</strong></span> <span class='ocrx_word' id='word_1_41' title='bbox 868 1534 901 1596; x_wconf 92' lang='lat' dir='ltr'><strong>in</strong></span> <span class='ocrx_word' id='word_1_42' title='bbox 914 1531 1088 1615; x_wconf 85' lang='lat' dir='ltr'>quindenis</span> <span class='ocrx_word' id='word_1_43' title='bbox 1101 1531 1191 1593; x_wconf 84' lang='lat' dir='ltr'>XXII</span> <span class='ocrx_word' id='word_1_44' title='bbox 1200 1550 1315 1613; x_wconf 81' lang='lat' dir='ltr'><strong>pensas</strong></span> <span class='ocrx_word' id='word_1_45' title='bbox 1330 1530 1484 1592; x_wconf 81' lang='lat' dir='ltr'>exsolvet.</span> 
     </span>
    </p>

    <p class='ocr_par' dir='ltr' id='par_1_7' title="bbox 325 1635 1440 1723">
     <span class='ocr_line' id='line_1_10' title="bbox 325 1635 1440 1723; baseline -0.005 -21"><span class='ocrx_word' id='word_1_46' title='bbox 325 1641 402 1702; x_wconf 83' lang='lat' dir='ltr'>Item</span> <span class='ocrx_word' id='word_1_47' title='bbox 427 1641 580 1702; x_wconf 91' lang='lat' dir='ltr'><strong>Nicolaus</strong></span> <span class='ocrx_word' id='word_1_48' title='bbox 596 1655 705 1702; x_wconf 92' lang='lat' dir='ltr'><strong>contra</strong></span> <span class='ocrx_word' id='word_1_49' title='bbox 729 1638 864 1701; x_wconf 89' lang='lat' dir='ltr'><strong>Iuchech</strong></span> <span class='ocrx_word' id='word_1_50' title='bbox 888 1639 994 1723; x_wconf 90' lang='lat' dir='ltr'><strong>primo</strong></span> <span class='ocrx_word' id='word_1_51' title='bbox 1017 1639 1132 1700; x_wconf 86' lang='lat' dir='ltr'><strong>citatus</strong></span> <span class='ocrx_word' id='word_1_52' title='bbox 1155 1655 1220 1698; x_wconf 92' lang='lat' dir='ltr'><strong>non</strong></span> <span class='ocrx_word' id='word_1_53' title='bbox 1245 1635 1440 1717; x_wconf 79' lang='lat' dir='ltr'><strong>comparuit.</strong></span> 
     </span>
    </p>

    <p class='ocr_par' dir='ltr' id='par_1_8' title="bbox 217 1740 1486 1938">
     <span class='ocr_line' id='line_1_11' title="bbox 325 1740 1486 1829; baseline -0.005 -21"><span class='ocrx_word' id='word_1_54' title='bbox 325 1747 402 1808; x_wconf 91' lang='lat' dir='ltr'><strong>Item</strong></span> <span class='ocrx_word' id='word_1_55' title='bbox 427 1766 521 1808; x_wconf 87' lang='lat' dir='ltr'><strong>causa</strong></span> <span class='ocrx_word' id='word_1_56' title='bbox 546 1746 656 1808; x_wconf 83' lang='lat' dir='ltr'><strong>Jacobi</strong></span> <span class='ocrx_word' id='word_1_57' title='bbox 680 1760 711 1807; x_wconf 89' lang='lat' dir='ltr'><strong>et</strong></span> <span class='ocrx_word' id='word_1_58' title='bbox 728 1745 813 1829; x_wconf 89' lang='lat' dir='ltr'><strong>Span</strong></span> <span class='ocrx_word' id='word_1_59' title='bbox 835 1759 882 1807; x_wconf 90' lang='lat' dir='ltr'><strong>est</strong></span> <span class='ocrx_word' id='word_1_60' title='bbox 897 1764 954 1828; x_wconf 90' lang='lat' dir='ltr'><strong>per</strong></span> <span class='ocrx_word' id='word_1_61' title='bbox 971 1744 1134 1807; x_wconf 83' lang='lat' dir='ltr'><strong>Jaklinum</strong></span> <span class='ocrx_word' id='word_1_62' title='bbox 1160 1757 1191 1805; x_wconf 91' lang='lat' dir='ltr'><strong>et</strong></span> <span class='ocrx_word' id='word_1_63' title='bbox 1207 1742 1382 1803; x_wconf 90' lang='lat' dir='ltr'><strong>Lucasium</strong></span> <span class='ocrx_word' id='word_1_64' title='bbox 1400 1740 1486 1803; x_wconf 90' lang='lat' dir='ltr'><strong>selli-</strong></span> 
     </span>
     <span class='ocr_line' id='line_1_12' title="bbox 217 1851 954 1938; baseline -0.004 -21"><span class='ocrx_word' id='word_1_65' title='bbox 217 1874 331 1938; x_wconf 87' lang='lat' dir='ltr'><strong>parum</strong></span> <span class='ocrx_word' id='word_1_66' title='bbox 358 1854 398 1915; x_wconf 88' lang='lat' dir='ltr'><strong>ad</strong></span> <span class='ocrx_word' id='word_1_67' title='bbox 423 1867 496 1916; x_wconf 92' lang='lat' dir='ltr'><strong>octo</strong></span> <span class='ocrx_word' id='word_1_68' title='bbox 520 1852 589 1914; x_wconf 82' lang='lat' dir='ltr'><strong>dies</strong></span> <span class='ocrx_word' id='word_1_69' title='bbox 611 1867 738 1934; x_wconf 93' lang='lat' dir='ltr'><strong>recepta</strong></span> <span class='ocrx_word' id='word_1_70' title='bbox 762 1851 802 1913; x_wconf 95' lang='lat' dir='ltr'><strong>ad</strong></span> <span class='ocrx_word' id='word_1_71' title='bbox 831 1871 954 1934; x_wconf 84' lang='lat' dir='ltr'><strong>pacem.</strong></span> 
     </span>
    </p>

    <p class='ocr_par' dir='ltr' id='par_1_9' title="bbox 220 1955 1488 2147">
     <span class='ocr_line' id='line_1_13' title="bbox 324 1955 1488 2039; baseline -0.005 -18"><span class='ocrx_word' id='word_1_72' title='bbox 324 1958 404 2021; x_wconf 92' lang='lat' dir='ltr'><strong>Item</strong></span> <span class='ocrx_word' id='word_1_73' title='bbox 428 1978 522 2020; x_wconf 88' lang='lat' dir='ltr'><strong>causa</strong></span> <span class='ocrx_word' id='word_1_74' title='bbox 558 1959 634 2020; x_wconf 90' lang='lat' dir='ltr'><strong>Iuan</strong></span> <span class='ocrx_word' id='word_1_75' title='bbox 665 1973 697 2021; x_wconf 94' lang='lat' dir='ltr'><strong>et</strong></span> <span class='ocrx_word' id='word_1_76' title='bbox 728 1957 883 2020; x_wconf 81' lang='lat' dir='ltr'><strong>Iohannis</strong></span> <span class='ocrx_word' id='word_1_77' title='bbox 912 1971 959 2019; x_wconf 91' lang='lat' dir='ltr'><strong>est</strong></span> <span class='ocrx_word' id='word_1_78' title='bbox 988 1976 1046 2039; x_wconf 90' lang='lat' dir='ltr'><strong>per</strong></span> <span class='ocrx_word' id='word_1_79' title='bbox 1078 1955 1274 2037; x_wconf 90' lang='lat' dir='ltr'><strong>Gregorium</strong></span> <span class='ocrx_word' id='word_1_80' title='bbox 1311 1973 1425 2016; x_wconf 89' lang='lat' dir='ltr'><strong>voscar</strong></span> <span class='ocrx_word' id='word_1_81' title='bbox 1457 1966 1488 2016; x_wconf 90' lang='lat' dir='ltr'><strong>et</strong></span> 
     </span>
     <span class='ocr_line' id='line_1_14' title="bbox 220 2064 1043 2147; baseline -0.005 -18"><span class='ocrx_word' id='word_1_82' title='bbox 220 2067 425 2130; x_wconf 84' lang='lat' dir='ltr'><strong>Clementem</strong></span> <span class='ocrx_word' id='word_1_83' title='bbox 452 2065 492 2127; x_wconf 92' lang='lat' dir='ltr'><strong>ad</strong></span> <span class='ocrx_word' id='word_1_84' title='bbox 517 2080 590 2127; x_wconf 93' lang='lat' dir='ltr'><strong>octo</strong></span> <span class='ocrx_word' id='word_1_85' title='bbox 614 2065 682 2126; x_wconf 90' lang='lat' dir='ltr'><strong>dies</strong></span> <span class='ocrx_word' id='word_1_86' title='bbox 706 2078 831 2147; x_wconf 88' lang='lat' dir='ltr'><strong>recepta</strong></span> <span class='ocrx_word' id='word_1_87' title='bbox 855 2064 896 2126; x_wconf 90' lang='lat' dir='ltr'><strong>ad</strong></span> <span class='ocrx_word' id='word_1_88' title='bbox 918 2083 1043 2147; x_wconf 90' lang='lat' dir='ltr'><strong>pacem.</strong></span> 
     </span>
    </p>

    <p class='ocr_par' dir='ltr' id='par_1_10' title="bbox 328 2162 1489 2251">
     <span class='ocr_line' id='line_1_15' title="bbox 328 2162 1489 2251; baseline -0.004 -17"><span class='ocrx_word' id='word_1_89' title='bbox 328 2173 405 2235; x_wconf 90' lang='lat' dir='ltr'><strong>Item</strong></span> <span class='ocrx_word' id='word_1_90' title='bbox 431 2171 593 2233; x_wconf 87' lang='lat' dir='ltr'><strong>Iohannes</strong></span> <span class='ocrx_word' id='word_1_91' title='bbox 617 2172 715 2233; x_wconf 84' lang='lat' dir='ltr'><strong>Pazar</strong></span> <span class='ocrx_word' id='word_1_92' title='bbox 738 2186 848 2233; x_wconf 87' lang='lat' dir='ltr'><strong>contra</strong></span> <span class='ocrx_word' id='word_1_93' title='bbox 865 2171 1030 2234; x_wconf 81' lang='lat' dir='ltr'><strong>JaItIInum</strong></span> <span class='ocrx_word' id='word_1_94' title='bbox 1053 2162 1169 2232; x_wconf 79' lang='lat' dir='ltr'><strong>octavo</strong></span> <span class='ocrx_word' id='word_1_95' title='bbox 1193 2169 1246 2230; x_wconf 92' lang='lat' dir='ltr'><strong>die</strong></span> <span class='ocrx_word' id='word_1_96' title='bbox 1262 2168 1489 2251; x_wconf 87' lang='lat' dir='ltr'><strong>respondebit.</strong></span> 
     </span>
    </p>

    <p class='ocr_par' dir='ltr' id='par_1_11' title="bbox 222 2274 1489 2465">
     <span class='ocr_line' id='line_1_16' title="bbox 328 2274 1489 2359; baseline -0.003 -19"><span class='ocrx_word' id='word_1_97' title='bbox 328 2279 406 2340; x_wconf 88' lang='lat' dir='ltr'><strong>Item</strong></span> <span class='ocrx_word' id='word_1_98' title='bbox 431 2298 526 2339; x_wconf 88' lang='lat' dir='ltr'><strong>causa</strong></span> <span class='ocrx_word' id='word_1_99' title='bbox 550 2277 677 2338; x_wconf 87' lang='lat' dir='ltr'><strong>Andree</strong></span> <span class='ocrx_word' id='word_1_100' title='bbox 701 2290 733 2338; x_wconf 92' lang='lat' dir='ltr'><strong>et</strong></span> <span class='ocrx_word' id='word_1_101' title='bbox 757 2277 933 2359; x_wconf 87' lang='lat' dir='ltr'><strong>Mychaelis</strong></span> <span class='ocrx_word' id='word_1_102' title='bbox 957 2291 1004 2338; x_wconf 89' lang='lat' dir='ltr'><strong>est</strong></span> <span class='ocrx_word' id='word_1_103' title='bbox 1027 2296 1084 2359; x_wconf 91' lang='lat' dir='ltr'><strong>per</strong></span> <span class='ocrx_word' id='word_1_104' title='bbox 1105 2275 1309 2340; x_wconf 87' lang='lat' dir='ltr'><strong>Clementem</strong></span> <span class='ocrx_word' id='word_1_105' title='bbox 1335 2288 1368 2336; x_wconf 92' lang='lat' dir='ltr'><strong>et</strong></span> <span class='ocrx_word' id='word_1_106' title='bbox 1391 2274 1489 2336; x_wconf 92' lang='lat' dir='ltr'><strong>Nico·</strong></span> 
     </span>
     <span class='ocr_line' id='line_1_17' title="bbox 222 2382 925 2465; baseline -0.004 -18"><span class='ocrx_word' id='word_1_107' title='bbox 222 2385 309 2447; x_wconf 88' lang='lat' dir='ltr'><strong>laum</strong></span> <span class='ocrx_word' id='word_1_108' title='bbox 334 2384 374 2446; x_wconf 88' lang='lat' dir='ltr'><strong>ad</strong></span> <span class='ocrx_word' id='word_1_109' title='bbox 399 2398 472 2445; x_wconf 91' lang='lat' dir='ltr'><strong>octo</strong></span> <span class='ocrx_word' id='word_1_110' title='bbox 496 2382 565 2444; x_wconf 92' lang='lat' dir='ltr'><strong>dies</strong></span> <span class='ocrx_word' id='word_1_111' title='bbox 588 2396 714 2464; x_wconf 89' lang='lat' dir='ltr'><strong>recepta</strong></span> <span class='ocrx_word' id='word_1_112' title='bbox 738 2382 779 2443; x_wconf 93' lang='lat' dir='ltr'><strong>ad</strong></span> <span class='ocrx_word' id='word_1_113' title='bbox 803 2402 925 2465; x_wconf 86' lang='lat' dir='ltr'><strong>pacem.</strong></span> 
     </span>
    </p>

    <p class='ocr_par' dir='ltr' id='par_1_12' title="bbox 224 2486 1491 2677">
     <span class='ocr_line' id='line_1_18' title="bbox 330 2486 1491 2572; baseline -0.004 -21"><span class='ocrx_word' id='word_1_114' title='bbox 330 2490 407 2551; x_wconf 92' lang='lat' dir='ltr'><strong>Item</strong></span> <span class='ocrx_word' id='word_1_115' title='bbox 433 2489 587 2551; x_wconf 90' lang='lat' dir='ltr'><strong>Nicolaus</strong></span> <span class='ocrx_word' id='word_1_116' title='bbox 611 2487 850 2550; x_wconf 82' lang='lat' dir='ltr'><strong>molendInator</strong></span> <span class='ocrx_word' id='word_1_117' title='bbox 874 2502 983 2551; x_wconf 86' lang='lat' dir='ltr'><strong>contra</strong></span> <span class='ocrx_word' id='word_1_118' title='bbox 1016 2490 1108 2552; x_wconf 84' lang='lat' dir='ltr'><strong>Mark</strong></span> <span class='ocrx_word' id='word_1_119' title='bbox 1131 2488 1237 2572; x_wconf 89' lang='lat' dir='ltr'><strong>primo</strong></span> <span class='ocrx_word' id='word_1_120' title='bbox 1270 2486 1386 2549; x_wconf 88' lang='lat' dir='ltr'><strong>citatus</strong></span> <span class='ocrx_word' id='word_1_121' title='bbox 1423 2505 1491 2547; x_wconf 92' lang='lat' dir='ltr'><strong>non</strong></span> 
     </span>
     <span class='ocr_line' id='line_1_19' title="bbox 224 2594 412 2677; baseline 0 -21"><span class='ocrx_word' id='word_1_122' title='bbox 224 2594 412 2677; x_wconf 89' lang='lat' dir='ltr'><strong>comparuit.</strong></span> 
     </span>
    </p>

    <p class='ocr_par' dir='ltr' id='par_1_13' title="bbox 224 2697 1492 2888">
     <span class='ocr_line' id='line_1_20' title="bbox 329 2697 1492 2783; baseline -0.001 -21"><span class='ocrx_word' id='word_1_123' title='bbox 329 2700 408 2762; x_wconf 86' lang='lat' dir='ltr'><strong>Item</strong></span> <span class='ocrx_word' id='word_1_124' title='bbox 432 2719 526 2761; x_wconf 86' lang='lat' dir='ltr'><strong>causa</strong></span> <span class='ocrx_word' id='word_1_125' title='bbox 552 2701 628 2760; x_wconf 90' lang='lat' dir='ltr'><strong>Kws</strong></span> <span class='ocrx_word' id='word_1_126' title='bbox 659 2714 690 2760; x_wconf 89' lang='lat' dir='ltr'><strong>et</strong></span> <span class='ocrx_word' id='word_1_127' title='bbox 721 2699 840 2783; x_wconf 90' lang='lat' dir='ltr'><strong>Filippi</strong></span> <span class='ocrx_word' id='word_1_128' title='bbox 865 2714 912 2762; x_wconf 89' lang='lat' dir='ltr'><strong>est</strong></span> <span class='ocrx_word' id='word_1_129' title='bbox 943 2720 999 2783; x_wconf 90' lang='lat' dir='ltr'><strong>per</strong></span> <span class='ocrx_word' id='word_1_130' title='bbox 1024 2700 1228 2763; x_wconf 90' lang='lat' dir='ltr'><strong>Clementem</strong></span> <span class='ocrx_word' id='word_1_131' title='bbox 1253 2713 1285 2761; x_wconf 90' lang='lat' dir='ltr'><strong>et</strong></span> <span class='ocrx_word' id='word_1_132' title='bbox 1309 2697 1492 2779; x_wconf 83' lang='lat' dir='ltr'><strong>Georgium</strong></span> 
     </span>
     <span class='ocr_line' id='line_1_21' title="bbox 224 2805 816 2888; baseline -0.002 -19"><span class='ocrx_word' id='word_1_133' title='bbox 224 2806 263 2869; x_wconf 93' lang='lat' dir='ltr'><strong>ad</strong></span> <span class='ocrx_word' id='word_1_134' title='bbox 288 2820 362 2869; x_wconf 89' lang='lat' dir='ltr'><strong>octo</strong></span> <span class='ocrx_word' id='word_1_135' title='bbox 386 2806 454 2868; x_wconf 89' lang='lat' dir='ltr'><strong>dies</strong></span> <span class='ocrx_word' id='word_1_136' title='bbox 478 2819 604 2888; x_wconf 83' lang='lat' dir='ltr'><strong>recepta</strong></span> <span class='ocrx_word' id='word_1_137' title='bbox 628 2805 669 2867; x_wconf 94' lang='lat' dir='ltr'><strong>ad</strong></span> <span class='ocrx_word' id='word_1_138' title='bbox 692 2825 816 2888; x_wconf 90' lang='lat' dir='ltr'><strong>pacem.</strong></span> 
     </span>
    </p>

    <p class='ocr_par' dir='ltr' id='par_1_14' title="bbox 226 2912 1494 3100">
     <span class='ocr_line' id='line_1_22' title="bbox 330 2912 1494 2995; baseline -0.001 -21"><span class='ocrx_word' id='word_1_139' title='bbox 330 2913 408 2974; x_wconf 90' lang='lat' dir='ltr'><strong>Item</strong></span> <span class='ocrx_word' id='word_1_140' title='bbox 425 2913 575 2974; x_wconf 88' lang='lat' dir='ltr'><strong>Marenus</strong></span> <span class='ocrx_word' id='word_1_141' title='bbox 599 2925 708 2974; x_wconf 90' lang='lat' dir='ltr'><strong>contra</strong></span> <span class='ocrx_word' id='word_1_142' title='bbox 724 2912 927 2975; x_wconf 87' lang='lat' dir='ltr'><strong>Anthonium</strong></span> <span class='ocrx_word' id='word_1_143' title='bbox 951 2932 1144 2975; x_wconf 78' lang='lat' dir='ltr'><strong>assessorem</strong></span> <span class='ocrx_word' id='word_1_144' title='bbox 1160 2912 1266 2995; x_wconf 83' lang='lat' dir='ltr'><strong>prImo</strong></span> <span class='ocrx_word' id='word_1_145' title='bbox 1283 2912 1399 2974; x_wconf 79' lang='lat' dir='ltr'><strong>citatus</strong></span> <span class='ocrx_word' id='word_1_146' title='bbox 1425 2930 1494 2973; x_wconf 93' lang='lat' dir='ltr'><strong>non</strong></span> 
     </span>
     <span class='ocr_line' id='line_1_23' title="bbox 226 3019 413 3100; baseline 0.021 -20"><span class='ocrx_word' id='word_1_147' title='bbox 226 3019 413 3100; x_wconf 88' lang='lat' dir='ltr'><strong>comparuit.</strong></span> 
     </span>
    </p>

    <p class='ocr_par' dir='ltr' id='par_1_15' title="bbox 332 3123 1495 3208">
     <span class='ocr_line' id='line_1_24' title="bbox 332 3123 1495 3208; baseline 0.001 -24"><span class='ocrx_word' id='word_1_148' title='bbox 332 3124 409 3185; x_wconf 91' lang='lat' dir='ltr'><strong>Item</strong></span> <span class='ocrx_word' id='word_1_149' title='bbox 434 3123 596 3185; x_wconf 86' lang='lat' dir='ltr'><strong>lohannes</strong></span> <span class='ocrx_word' id='word_1_150' title='bbox 619 3139 728 3186; x_wconf 87' lang='lat' dir='ltr'><strong>contra</strong></span> <span class='ocrx_word' id='word_1_151' title='bbox 752 3123 930 3206; x_wconf 83' lang='lat' dir='ltr'><strong>Georgium</strong></span> <span class='ocrx_word' id='word_1_152' title='bbox 955 3125 1061 3208; x_wconf 87' lang='lat' dir='ltr'><strong>primo</strong></span> <span class='ocrx_word' id='word_1_153' title='bbox 1078 3125 1192 3188; x_wconf 86' lang='lat' dir='ltr'><strong>citatus</strong></span> <span class='ocrx_word' id='word_1_154' title='bbox 1213 3143 1279 3186; x_wconf 92' lang='lat' dir='ltr'><strong>non</strong></span> <span class='ocrx_word' id='word_1_155' title='bbox 1296 3123 1495 3205; x_wconf 87' lang='lat' dir='ltr'><strong>comparuit.</strong></span> 
     </span>
    </p>

    <p class='ocr_par' dir='ltr' id='par_1_16' title="bbox 227 3230 1495 3418">
     <span class='ocr_line' id='line_1_25' title="bbox 333 3230 1495 3315; baseline 0 -24"><span class='ocrx_word' id='word_1_156' title='bbox 333 3230 410 3291; x_wconf 93' lang='lat' dir='ltr'><strong>Item</strong></span> <span class='ocrx_word' id='word_1_157' title='bbox 443 3230 555 3291; x_wconf 90' lang='lat' dir='ltr'><strong>Petrus</strong></span> <span class='ocrx_word' id='word_1_158' title='bbox 586 3243 695 3292; x_wconf 83' lang='lat' dir='ltr'><strong>contra</strong></span> <span class='ocrx_word' id='word_1_159' title='bbox 727 3231 917 3315; x_wconf 86' lang='lat' dir='ltr'><strong>Fabyanum</strong></span> <span class='ocrx_word' id='word_1_160' title='bbox 949 3232 1112 3295; x_wconf 91' lang='lat' dir='ltr'><strong>literatum</strong></span> <span class='ocrx_word' id='word_1_161' title='bbox 1139 3231 1246 3314; x_wconf 91' lang='lat' dir='ltr'><strong>primo</strong></span> <span class='ocrx_word' id='word_1_162' title='bbox 1277 3230 1394 3292; x_wconf 88' lang='lat' dir='ltr'><strong>citatus</strong></span> <span class='ocrx_word' id='word_1_163' title='bbox 1426 3248 1495 3291; x_wconf 93' lang='lat' dir='ltr'><strong>non</strong></span> 
     </span>
     <span class='ocr_line' id='line_1_26' title="bbox 227 3336 415 3418; baseline -0.005 -19"><span class='ocrx_word' id='word_1_164' title='bbox 227 3336 415 3418; x_wconf 84' lang='lat' dir='ltr'><strong>comparuit.</strong></span> 
     </span>
    </p>

    <p class='ocr_par' dir='ltr' id='par_1_17' title="bbox 333 3442 1414 3527">
     <span class='ocr_line' id='line_1_27' title="bbox 333 3442 1414 3527; baseline 0.001 -23"><span class='ocrx_word' id='word_1_165' title='bbox 333 3443 411 3504; x_wconf 92' lang='lat' dir='ltr'><strong>Item</strong></span> <span class='ocrx_word' id='word_1_166' title='bbox 436 3443 500 3504; x_wconf 86' lang='lat' dir='ltr'><strong>Res</strong></span> <span class='ocrx_word' id='word_1_167' title='bbox 523 3455 633 3504; x_wconf 91' lang='lat' dir='ltr'><strong>contra</strong></span> <span class='ocrx_word' id='word_1_168' title='bbox 657 3444 837 3506; x_wconf 87' lang='lat' dir='ltr'><strong>Iohannem</strong></span> <span class='ocrx_word' id='word_1_169' title='bbox 862 3445 966 3527; x_wconf 82' lang='lat' dir='ltr'><strong>prImo</strong></span> <span class='ocrx_word' id='word_1_170' title='bbox 991 3444 1105 3507; x_wconf 90' lang='lat' dir='ltr'><strong>citatus</strong></span> <span class='ocrx_word' id='word_1_171' title='bbox 1132 3464 1197 3507; x_wconf 93' lang='lat' dir='ltr'><strong>non</strong></span> <span class='ocrx_word' id='word_1_172' title='bbox 1221 3442 1414 3525; x_wconf 88' lang='lat' dir='ltr'><strong>comparuit.</strong></span> 
     </span>
    </p>

    <p class='ocr_par' dir='ltr' id='par_1_18' title="bbox 227 3548 1498 3952">
     <span class='ocr_line' id='line_1_28' title="bbox 333 3548 1497 3634; baseline 0.001 -23"><span class='ocrx_word' id='word_1_173' title='bbox 333 3549 410 3611; x_wconf 91' lang='lat' dir='ltr'><strong>Item</strong></span> <span class='ocrx_word' id='word_1_174' title='bbox 435 3550 580 3612; x_wconf 82' lang='lat' dir='ltr'><strong>Jaklmus</strong></span> <span class='ocrx_word' id='word_1_175' title='bbox 604 3550 730 3632; x_wconf 86' lang='lat' dir='ltr'><strong>ensipar</strong></span> <span class='ocrx_word' id='word_1_176' title='bbox 748 3565 858 3612; x_wconf 88' lang='lat' dir='ltr'><strong>contra</strong></span> <span class='ocrx_word' id='word_1_177' title='bbox 882 3550 1035 3634; x_wconf 84' lang='lat' dir='ltr'><strong>Gyurgelt</strong></span> <span class='ocrx_word' id='word_1_178' title='bbox 1052 3551 1282 3633; x_wconf 84' lang='lat' dir='ltr'><strong>calcariparum</strong></span> <span class='ocrx_word' id='word_1_179' title='bbox 1308 3548 1388 3612; x_wconf 84' lang='lat' dir='ltr'><strong>feria</strong></span> <span class='ocrx_word' id='word_1_180' title='bbox 1405 3562 1497 3612; x_wconf 86' lang='lat' dir='ltr'><strong>sexta</strong></span> 
     </span>
     <span class='ocr_line' id='line_1_29' title="bbox 228 3655 1498 3739; baseline 0 -23"><span class='ocrx_word' id='word_1_181' title='bbox 228 3656 374 3716; x_wconf 86' lang='lat' dir='ltr'><strong>atestabit</strong></span> <span class='ocrx_word' id='word_1_182' title='bbox 398 3675 454 3737; x_wconf 90' lang='lat' dir='ltr'><strong>per</strong></span> <span class='ocrx_word' id='word_1_183' title='bbox 472 3656 640 3717; x_wconf 88' lang='lat' dir='ltr'><strong>Miclinum</strong></span> <span class='ocrx_word' id='word_1_184' title='bbox 665 3655 803 3736; x_wconf 81' lang='lat' dir='ltr'><strong>juratum</strong></span> <span class='ocrx_word' id='word_1_185' title='bbox 827 3670 858 3718; x_wconf 93' lang='lat' dir='ltr'><strong>et</strong></span> <span class='ocrx_word' id='word_1_186' title='bbox 886 3655 1065 3738; x_wconf 81' lang='lat' dir='ltr'><strong>Georgium</strong></span> <span class='ocrx_word' id='word_1_187' title='bbox 1088 3676 1184 3739; x_wconf 84' lang='lat' dir='ltr'><strong>super</strong></span> <span class='ocrx_word' id='word_1_188' title='bbox 1208 3676 1258 3735; x_wconf 91' lang='lat' dir='ltr'><strong>eo,</strong></span> <span class='ocrx_word' id='word_1_189' title='bbox 1283 3655 1373 3737; x_wconf 92' lang='lat' dir='ltr'><strong>quod</strong></span> <span class='ocrx_word' id='word_1_190' title='bbox 1397 3675 1498 3717; x_wconf 85' lang='lat' dir='ltr'><strong>suum</strong></span> 
     </span>
     <span class='ocr_line' id='line_1_30' title="bbox 228 3760 1497 3843; baseline 0 -20"><span class='ocrx_word' id='word_1_191' title='bbox 228 3781 347 3824; x_wconf 88' lang='lat' dir='ltr'><strong>annum</strong></span> <span class='ocrx_word' id='word_1_192' title='bbox 373 3760 483 3824; x_wconf 88' lang='lat' dir='ltr'><strong>luisset</strong></span> <span class='ocrx_word' id='word_1_193' title='bbox 505 3781 608 3842; x_wconf 91' lang='lat' dir='ltr'><strong>usque</strong></span> <span class='ocrx_word' id='word_1_194' title='bbox 625 3761 739 3825; x_wconf 88' lang='lat' dir='ltr'><strong>lestum</strong></span> <span class='ocrx_word' id='word_1_195' title='bbox 759 3763 843 3825; x_wconf 91' lang='lat' dir='ltr'><strong>beati</strong></span> <span class='ocrx_word' id='word_1_196' title='bbox 868 3763 998 3826; x_wconf 90' lang='lat' dir='ltr'><strong>Martini</strong></span> <span class='ocrx_word' id='word_1_197' title='bbox 1015 3762 1207 3826; x_wconf 82' lang='lat' dir='ltr'><strong>confessoris</strong></span> <span class='ocrx_word' id='word_1_198' title='bbox 1222 3761 1278 3824; x_wconf 90' lang='lat' dir='ltr'><strong>sed</strong></span> <span class='ocrx_word' id='word_1_199' title='bbox 1302 3780 1371 3823; x_wconf 92' lang='lat' dir='ltr'><strong>non</strong></span> <span class='ocrx_word' id='word_1_200' title='bbox 1390 3781 1497 3843; x_wconf 87' lang='lat' dir='ltr'><strong>usque</strong></span> 
     </span>
     <span class='ocr_line' id='line_1_31' title="bbox 227 3866 1392 3952; baseline 0.003 -23"><span class='ocrx_word' id='word_1_201' title='bbox 227 3866 343 3929; x_wconf 86' lang='lat' dir='ltr'><strong>festum</strong></span> <span class='ocrx_word' id='word_1_202' title='bbox 368 3868 452 3929; x_wconf 90' lang='lat' dir='ltr'><strong>beati</strong></span> <span class='ocrx_word' id='word_1_203' title='bbox 477 3868 653 3950; x_wconf 83' lang='lat' dir='ltr'><strong>Mychaelis</strong></span> <span class='ocrx_word' id='word_1_204' title='bbox 677 3869 708 3929; x_wconf 92' lang='lat' dir='ltr'><strong>in</strong></span> <span class='ocrx_word' id='word_1_205' title='bbox 734 3868 833 3929; x_wconf 93' lang='lat' dir='ltr'><strong>domo</strong></span> <span class='ocrx_word' id='word_1_206' title='bbox 858 3869 956 3950; x_wconf 89' lang='lat' dir='ltr'><strong>ipsius</strong></span> <span class='ocrx_word' id='word_1_207' title='bbox 980 3869 1134 3952; x_wconf 87' lang='lat' dir='ltr'><strong>Gyurgek</strong></span> <span class='ocrx_word' id='word_1_208' title='bbox 1158 3867 1392 3933; x_wconf 90' lang='lat' dir='ltr'><strong>commorandi.</strong></span> 
     </span>
    </p>

    <p class='ocr_par' dir='ltr' id='par_1_19' title="bbox 229 3974 1498 4162">
     <span class='ocr_line' id='line_1_32' title="bbox 335 3974 1498 4056; baseline 0.002 -21"><span class='ocrx_word' id='word_1_209' title='bbox 335 3974 413 4035; x_wconf 93' lang='lat' dir='ltr'><strong>Item</strong></span> <span class='ocrx_word' id='word_1_210' title='bbox 437 3975 622 4036; x_wconf 88' lang='lat' dir='ltr'><strong>Anthonius</strong></span> <span class='ocrx_word' id='word_1_211' title='bbox 646 3974 789 4036; x_wconf 87' lang='lat' dir='ltr'><strong>Franche</strong></span> <span class='ocrx_word' id='word_1_212' title='bbox 823 3975 854 4035; x_wconf 83' lang='lat' dir='ltr'><strong>ln</strong></span> <span class='ocrx_word' id='word_1_213' title='bbox 879 3975 1052 4056; x_wconf 89' lang='lat' dir='ltr'><strong>quindenis</strong></span> <span class='ocrx_word' id='word_1_214' title='bbox 1084 3975 1122 4037; x_wconf 96' lang='lat' dir='ltr'><strong>Ill</strong></span> <span class='ocrx_word' id='word_1_215' title='bbox 1147 3994 1270 4037; x_wconf 86' lang='lat' dir='ltr'><strong>marcas</strong></span> <span class='ocrx_word' id='word_1_216' title='bbox 1293 3974 1441 4036; x_wconf 81' lang='lat' dir='ltr'><strong>exsolvet</strong></span> <span class='ocrx_word' id='word_1_217' title='bbox 1465 3989 1498 4037; x_wconf 94' lang='lat' dir='ltr'><strong>et</strong></span> 
     </span>
     <span class='ocr_line' id='line_1_33' title="bbox 229 4079 622 4162; baseline 0.008 -20"><span class='ocrx_word' id='word_1_218' title='bbox 229 4079 326 4162; x_wconf 83' lang='lat' dir='ltr'><strong>judici</strong></span> <span class='ocrx_word' id='word_1_219' title='bbox 351 4100 448 4143; x_wconf 87' lang='lat' dir='ltr'><strong>unam</strong></span> <span class='ocrx_word' id='word_1_220' title='bbox 472 4101 622 4145; x_wconf 91' lang='lat' dir='ltr'><strong>marcam.</strong></span> 
     </span>
    </p>

    <p class='ocr_par' dir='ltr' id='par_1_20' title="bbox 231 4187 1497 4376">
     <span class='ocr_line' id='line_1_34' title="bbox 338 4187 1497 4270; baseline 0.001 -21"><span class='ocrx_word' id='word_1_221' title='bbox 338 4188 416 4249; x_wconf 90' lang='lat' dir='ltr'><strong>Item</strong></span> <span class='ocrx_word' id='word_1_222' title='bbox 442 4187 626 4249; x_wconf 85' lang='lat' dir='ltr'><strong>Anthonius</strong></span> <span class='ocrx_word' id='word_1_223' title='bbox 641 4201 730 4250; x_wconf 87' lang='lat' dir='ltr'><strong>sutor</strong></span> <span class='ocrx_word' id='word_1_224' title='bbox 754 4203 868 4251; x_wconf 93' lang='lat' dir='ltr'><strong>octavo</strong></span> <span class='ocrx_word' id='word_1_225' title='bbox 884 4187 937 4250; x_wconf 91' lang='lat' dir='ltr'><strong>die</strong></span> <span class='ocrx_word' id='word_1_226' title='bbox 954 4208 987 4250; x_wconf 87' lang='lat' dir='ltr'><strong>se</strong></span> <span class='ocrx_word' id='word_1_227' title='bbox 1012 4190 1129 4251; x_wconf 90' lang='lat' dir='ltr'><strong>tercius</strong></span> <span class='ocrx_word' id='word_1_228' title='bbox 1145 4187 1262 4270; x_wconf 81' lang='lat' dir='ltr'><strong>jurabit</strong></span> <span class='ocrx_word' id='word_1_229' title='bbox 1278 4187 1311 4250; x_wconf 88' lang='lat' dir='ltr'><strong>in</strong></span> <span class='ocrx_word' id='word_1_230' title='bbox 1336 4207 1388 4267; x_wconf 85' lang='lat' dir='ltr'><strong>eo,</strong></span> <span class='ocrx_word' id='word_1_231' title='bbox 1405 4187 1497 4270; x_wconf 92' lang='lat' dir='ltr'><strong>quod</strong></span> 
     </span>
     <span class='ocr_line' id='line_1_35' title="bbox 231 4294 891 4376; baseline 0.002 -21"><span class='ocrx_word' id='word_1_232' title='bbox 231 4295 299 4376; x_wconf 89' lang='lat' dir='ltr'><strong>ipse</strong></span> <span class='ocrx_word' id='word_1_233' title='bbox 324 4294 540 4356; x_wconf 90' lang='lat' dir='ltr'><strong>Zelezkonem</strong></span> <span class='ocrx_word' id='word_1_234' title='bbox 564 4313 629 4355; x_wconf 94' lang='lat' dir='ltr'><strong>non</strong></span> <span class='ocrx_word' id='word_1_235' title='bbox 653 4294 891 4376; x_wconf 89' lang='lat' dir='ltr'><strong>vituperaverit.</strong></span> 
     </span>
    </p>

    <p class='ocr_par' dir='ltr' id='par_1_21' title="bbox 231 4399 1497 4589">
     <span class='ocr_line' id='line_1_36' title="bbox 338 4399 1497 4483; baseline 0.001 -22"><span class='ocrx_word' id='word_1_236' title='bbox 338 4400 416 4462; x_wconf 92' lang='lat' dir='ltr'><strong>Item</strong></span> <span class='ocrx_word' id='word_1_237' title='bbox 449 4399 614 4462; x_wconf 81' lang='lat' dir='ltr'><strong>Koroseclr</strong></span> <span class='ocrx_word' id='word_1_238' title='bbox 646 4414 760 4463; x_wconf 90' lang='lat' dir='ltr'><strong>octavo</strong></span> <span class='ocrx_word' id='word_1_239' title='bbox 792 4401 844 4462; x_wconf 90' lang='lat' dir='ltr'><strong>die</strong></span> <span class='ocrx_word' id='word_1_240' title='bbox 876 4421 908 4462; x_wconf 86' lang='lat' dir='ltr'><strong>se</strong></span> <span class='ocrx_word' id='word_1_241' title='bbox 940 4400 1101 4463; x_wconf 89' lang='lat' dir='ltr'><strong>secundus</strong></span> <span class='ocrx_word' id='word_1_242' title='bbox 1124 4400 1242 4483; x_wconf 79' lang='lat' dir='ltr'><strong>jurabit</strong></span> <span class='ocrx_word' id='word_1_243' title='bbox 1272 4401 1305 4462; x_wconf 89' lang='lat' dir='ltr'><strong>in</strong></span> <span class='ocrx_word' id='word_1_244' title='bbox 1329 4419 1381 4480; x_wconf 85' lang='lat' dir='ltr'><strong>eo,</strong></span> <span class='ocrx_word' id='word_1_245' title='bbox 1405 4400 1497 4482; x_wconf 94' lang='lat' dir='ltr'><strong>quod</strong></span> 
     </span>
     <span class='ocr_line' id='line_1_37' title="bbox 231 4504 1168 4589; baseline 0.005 -24"><span class='ocrx_word' id='word_1_246' title='bbox 231 4505 297 4589; x_wconf 91' lang='lat' dir='ltr'><strong>ipse</strong></span> <span class='ocrx_word' id='word_1_247' title='bbox 321 4525 416 4567; x_wconf 84' lang='lat' dir='ltr'><strong>suum</strong></span> <span class='ocrx_word' id='word_1_248' title='bbox 440 4505 552 4567; x_wconf 87' lang='lat' dir='ltr'><strong>fimum</strong></span> <span class='ocrx_word' id='word_1_249' title='bbox 577 4504 737 4589; x_wconf 89' lang='lat' dir='ltr'><strong>Mychaeli</strong></span> <span class='ocrx_word' id='word_1_250' title='bbox 762 4507 901 4569; x_wconf 90' lang='lat' dir='ltr'><strong>dedisset</strong></span> <span class='ocrx_word' id='word_1_251' title='bbox 924 4528 990 4570; x_wconf 89' lang='lat' dir='ltr'><strong>non</strong></span> <span class='ocrx_word' id='word_1_252' title='bbox 1014 4507 1168 4570; x_wconf 89' lang='lat' dir='ltr'><strong>alienum.</strong></span> 
     </span>
    </p>
   </div>
   <div class='ocr_carea' id='block_1_5' title="bbox 232 4629 1499 4925">
    <p class='ocr_par' dir='ltr' id='par_1_22' title="bbox 232 4629 1499 4925">
     <span class='ocr_line' id='line_1_38' title="bbox 336 4629 1499 4712; baseline 0.003 -22"><span class='ocrx_word' id='word_1_253' title='bbox 336 4630 414 4691; x_wconf 91' lang='lat' dir='ltr'><strong>Item</strong></span> <span class='ocrx_word' id='word_1_254' title='bbox 439 4629 694 4711; x_wconf 80' lang='lat' dir='ltr'><strong>adjudicavaus</strong></span> <span class='ocrx_word' id='word_1_255' title='bbox 718 4634 845 4695; x_wconf 88' lang='lat' dir='ltr'><strong>vineam</strong></span> <span class='ocrx_word' id='word_1_256' title='bbox 872 4633 1029 4696; x_wconf 80' lang='lat' dir='ltr'><strong>Anthonii</strong></span> <span class='ocrx_word' id='word_1_257' title='bbox 1062 4633 1103 4694; x_wconf 89' lang='lat' dir='ltr'><strong>de</strong></span> <span class='ocrx_word' id='word_1_258' title='bbox 1127 4629 1251 4694; x_wconf 90' lang='lat' dir='ltr'><strong>Dedich</strong></span> <span class='ocrx_word' id='word_1_259' title='bbox 1274 4642 1436 4712; x_wconf 89' lang='lat' dir='ltr'><strong>perpetuo</strong></span> <span class='ocrx_word' id='word_1_260' title='bbox 1459 4631 1499 4693; x_wconf 92' lang='lat' dir='ltr'><strong>Ii·</strong></span> 
     </span>
     <span class='ocr_line' id='line_1_39' title="bbox 232 4735 1497 4822; baseline 0.001 -24"><span class='ocrx_word' id='word_1_261' title='bbox 232 4738 340 4798; x_wconf 87' lang='lat' dir='ltr'><strong>beram</strong></span> <span class='ocrx_word' id='word_1_262' title='bbox 365 4757 383 4797; x_wconf 90' lang='lat' dir='ltr'><strong>a</strong></span> <span class='ocrx_word' id='word_1_263' title='bbox 400 4735 534 4798; x_wconf 91' lang='lat' dir='ltr'><strong>dacione</strong></span> <span class='ocrx_word' id='word_1_264' title='bbox 552 4738 648 4799; x_wconf 87' lang='lat' dir='ltr'><strong>unius</strong></span> <span class='ocrx_word' id='word_1_265' title='bbox 664 4739 773 4799; x_wconf 88' lang='lat' dir='ltr'><strong>eubuli</strong></span> <span class='ocrx_word' id='word_1_266' title='bbox 790 4740 867 4814; x_wconf 88' lang='lat' dir='ltr'><strong>vini,</strong></span> <span class='ocrx_word' id='word_1_267' title='bbox 884 4740 1023 4822; x_wconf 87' lang='lat' dir='ltr'><strong>exceptis</strong></span> <span class='ocrx_word' id='word_1_268' title='bbox 1039 4740 1204 4801; x_wconf 86' lang='lat' dir='ltr'><strong>dumtaxat</strong></span> <span class='ocrx_word' id='word_1_269' title='bbox 1226 4736 1256 4797; x_wconf 85' lang='lat' dir='ltr'>X</span> <span class='ocrx_word' id='word_1_270' title='bbox 1273 4736 1400 4800; x_wconf 88' lang='lat' dir='ltr'><strong>cubulis</strong></span> <span class='ocrx_word' id='word_1_271' title='bbox 1417 4737 1497 4817; x_wconf 81' lang='lat' dir='ltr'><strong>vim,</strong></span> 
     </span>
     <span class='ocr_line' id='line_1_40' title="bbox 233 4844 826 4925; baseline 0.005 -21"><span class='ocrx_word' id='word_1_272' title='bbox 233 4863 315 4924; x_wconf 90' lang='lat' dir='ltr'><strong>quos</strong></span> <span class='ocrx_word' id='word_1_273' title='bbox 338 4863 397 4925; x_wconf 88' lang='lat' dir='ltr'><strong>pro</strong></span> <span class='ocrx_word' id='word_1_274' title='bbox 422 4844 595 4906; x_wconf 80' lang='lat' dir='ltr'><strong>colendIno</strong></span> <span class='ocrx_word' id='word_1_275' title='bbox 621 4845 696 4907; x_wconf 87' lang='lat' dir='ltr'><strong>dare</strong></span> <span class='ocrx_word' id='word_1_276' title='bbox 721 4844 826 4907; x_wconf 90' lang='lat' dir='ltr'><strong>debet.</strong></span> 
     </span>
    </p>
   </div>
   <div class='ocr_carea' id='block_1_6' title="bbox 0 0 1727 5362">
    <p class='ocr_par' dir='ltr' id='par_1_23' title="bbox 0 0 1727 5362">
     <span class='ocr_line' id='line_1_41' title="bbox 0 0 1727 5362; baseline 0 0"><span class='ocrx_word' id='word_1_277' title='bbox 0 0 1727 5362; x_wconf 95' lang='lat' dir='ltr'><strong> </strong></span> 
     </span>
    </p>
   </div>
  </div>
 </body>
</html>
