3404 5362
613 299 810 373 Ann01375.
835 331 875 342 —
900 293 931 357 6.
955 299 1064 358 martii.

212 508 337 571 NIcolai
369 506 521 570 aurifabri
558 508 779 570 testimonium
811 506 968 589 producet
1003 506 1092 589 quod
1123 507 1184 569 sibi
1217 527 1318 568 unum
1354 507 1476 568 m’onile

212 615 458 699 inpignorasset.

317 721 396 783 Item
427 740 521 782 causa
553 720 664 781 Hrenk
688 733 719 781 et
750 718 876 781 Ferlich
902 732 948 781 est
980 718 1020 780 ad
1045 732 1118 781 octo
1151 718 1219 780 dies
1241 731 1412 801 prorogata
1438 717 1479 778 ad

212 827 455 889 discussionem.

318 934 396 995 Item
412 932 556 994 Francha
575 931 734 993 aurifaber
751 943 865 992 octavo
889 930 941 992 die
959 931 1027 1011 jura
1044 930 1200 1013 producet
1216 949 1279 1011 qua
1303 929 1422 1011 poterit
1439 929 1479 990 de

211 1053 294 1101 terra
318 1052 349 1100 et
372 1039 464 1100 vinea
488 1058 545 1120 per
569 1039 697 1099 Markus
722 1037 901 1119 Zequirych
935 1037 1038 1118 Iegata
1070 1036 1218 1098 fratribus
1243 1035 1424 1096 minoribus
1448 1048 1480 1097 et

212 1143 389 1223 monachis,
413 1155 494 1204 esset
517 1144 614 1225 patris
636 1143 695 1206 sui.

187 1232 195 1245 ’
320 1250 396 1310 Item
421 1269 513 1311 causa
539 1248 691 1331 Gyurgek
721 1248 813 1328 jurati
847 1263 877 1311 et
901 1248 1039 1332 Mykech
1062 1247 1228 1309 familiaris
1252 1247 1395 1330 magistri
1421 1249 1481 1310 Be·

213 1355 292 1417 tend
317 1368 364 1417 est
386 1374 442 1436 per
466 1354 643 1416 Francham
668 1353 864 1416 aurifabrum
889 1354 930 1416 ad
952 1368 1025 1416 octo
1049 1354 1117 1415 dies
1140 1368 1266 1436 recepta
1291 1355 1332 1416 ad
1356 1373 1480 1436 pacem.

320 1461 398 1523 Item
422 1480 517 1522 causa
541 1461 669 1522 Martini
695 1475 726 1522 et
750 1459 883 1542 Georgii
907 1460 1036 1522 sartoris
1060 1473 1105 1521 est
1129 1480 1185 1541 per
1212 1462 1377 1522 Martonos
1394 1461 1482 1521 seIIi·

214 1567 341 1650 parium
365 1566 405 1628 ad
429 1580 504 1629 octo
528 1567 597 1629 dies
620 1580 745 1648 recepta
771 1567 811 1627 ad
835 1586 958 1648 pacem.

318 1672 397 1735 Item
421 1690 515 1734 causa
540 1670 710 1732 Zaualiche
735 1685 766 1732 et
790 1671 940 1733 PeterIIni
964 1684 1011 1732 est
1027 1685 1198 1752 prorogata
1221 1671 1262 1732 ad
1286 1690 1399 1753 pacem
1424 1690 1482 1753 per

214 1779 395 1841 Marenum.

319 1884 396 1946 Item
412 1884 508 1947 Clara
532 1882 609 1945 feria
628 1898 713 1946 sexta
730 1884 951 1946 testimonium
967 1883 1123 1967 producet
1140 1904 1196 1965 per
1212 1883 1485 1945 Bartholomeum

214 2002 244 2051 et
261 1989 440 2068 EIizabeth‚
464 1990 552 2072 quod
570 1990 715 2051 Thomas
731 2010 826 2071 super
843 1990 943 2071 ipsam
958 1991 1140 2072 potenciam
1165 1991 1324 2052 carnalem
1344 1987 1483 2052 fecisset.

319 2096 397 2157 Item
422 2095 538 2157 domus
561 2111 592 2157 et
617 2097 708 2157 vInea
733 2095 858 2157 condaIr
877 2094 1028 2179 Gyurgek
1053 2097 1152 2158 nostri
1170 2096 1312 2158 concivis
1337 2097 1370 2157 in
1390 2097 1486 2177 quin-

214 2200 306 2263 denis
330 2202 370 2262 ad
394 2201 473 2264 duas
489 2217 594 2284 partes
612 2202 768 2283 equaliter
785 2202 980 2280 dividentur,
996 2222 1133 2283 quarum
1158 2222 1221 2263 una
1239 2222 1312 2283 pars
1336 2203 1485 2265 Fabiano

214 2306 302 2369 fratri
326 2327 396 2388 suo,
419 2308 481 2370 alia
505 2322 612 2369 autem
637 2329 710 2390 pars
734 2308 799 2368 suis
822 2307 995 2370 heredibus
1020 2308 1153 2370 ceddere
1178 2309 1319 2371 debebit.

320 2413 398 2475 Item
422 2434 516 2475 causa
541 2415 631 2475 Mark
649 2428 680 2476 et
696 2414 875 2477 Clementis
899 2430 945 2476 est
968 2436 1024 2498 per
1040 2430 1136 2477 testes
1161 2416 1201 2477 ad
1225 2429 1299 2478 octo
1324 2415 1393 2478 dies
1411 2435 1486 2499 pro-

215 2532 326 2600 rogata
351 2519 391 2581 ad
415 2539 537 2602 pacem.

320 2625 399 2686 Item
422 2645 517 2686 causa
534 2626 709 2708 MychaeIis
733 2626 813 2688 fabri
838 2640 869 2689 et
887 2626 994 2689 Mathe
1018 2629 1134 2690 sutoris
1150 2641 1197 2689 est
1220 2648 1276 2710 per
1301 2628 1486 2691 Iohannem

215 2732 317 2793 Vasos
340 2731 380 2792 ad
404 2745 477 2792 octo
502 2731 570 2792 dies
594 2746 720 2814 recepta
744 2733 784 2794 ad
809 2753 933 2815 pacem.

321 2837 399 2899 Item
424 2857 518 2899 causa
543 2838 663 2920 Sybich
687 2852 718 2900 et
734 2839 881 2902 Nicholai
908 2853 954 2902 est
978 2861 1034 2922 per
1050 2840 1251 2903 Anthonium
1277 2856 1308 2904 et
1328 2842 1487 2904 Mathiam

215 2956 356 3006 sutorem
379 2943 420 3005 ad
444 2957 517 3006 octo
541 2944 610 3006 dies
634 2959 759 3028 recepta
784 2946 823 3007 ad
849 2966 971 3028 pacem.

321 3050 399 3112 Item
413 3049 573 3132 Georgius
584 3050 706 3133 juratus
715 3067 823 3115 contra
832 3054 1055 3115 Sebestianum
1069 3068 1183 3116 octavo
1198 3055 1249 3116 die
1263 3053 1485 3137 respondebit.

320 3155 400 3218 Item
423 3156 500 3217 Iuan
524 3157 685 3240 Zyrothke
709 3172 819 3220 contra
851 3160 1075 3222 Sebestianum
1106 3160 1248 3222 secundo
1274 3161 1389 3223 citatus
1416 3181 1484 3224 non

216 3261 406 3342 comparuit.

322 3367 399 3430 Item
433 3369 589 3431 Martinus
609 3384 730 3455 ¹contra
763 3371 940 3453 Georgium
972 3385 1127 3434 sartorem
1152 3385 1182 3434 et
1215 3373 1350 3435 Iuanum
1376 3375 1484 3456 prImo

217 3472 330 3535 citatus
354 3493 420 3535 non
448 3477 639 3558 comparuit.

322 3579 401 3641 Item
433 3600 526 3643 causa
558 3582 684 3645 Nicolai
716 3596 746 3646 et
784 3583 923 3666 Baptiste
956 3598 1002 3645 est
1033 3584 1073 3645 ad
1105 3597 1178 3646 octo
1212 3585 1280 3647 dies
1311 3600 1486 3668 prorogata

217 3684 257 3746 ad
281 3704 404 3768 pacem.

322 3791 401 3853 Item
425 3791 587 3855 Johaunes
611 3806 720 3856 contra
745 3795 922 3877 Symonem
942 3795 1124 3858 carnificem
1147 3797 1253 3879 primo
1277 3799 1392 3861 citatus
1415 3821 1483 3864 non

218 3897 406 3979 comparuit

323 4003 401 4066 Item
426 4005 564 4067 Iacobus
595 4005 740 4068 medicus
770 4020 835 4069 met
864 4008 982 4070 tercius
1010 4009 1227 4091 juramentum
1252 4011 1401 4093 deposuit
1436 4032 1485 4075 ra·

219 4110 312 4172 cioue
336 4111 384 4171 sui
409 4110 555 4173 clamidis
579 4113 736 4196 premissi,
760 4127 795 4176 ut
818 4114 939 4177 debuit.

323 4216 402 4278 Item
426 4237 520 4280 causa
544 4218 653 4282 Sibich
678 4235 709 4283 et
732 4221 860 4284 Thome
877 4223 992 4284 sutoris
1016 4235 1063 4285 est
1086 4243 1142 4305 per
1169 4225 1298 4287 Petrum
1323 4224 1484 4289 decanum

217 4322 258 4385 ad
282 4336 355 4386 octo
379 4322 448 4385 dies
469 4337 596 4406 recepta
619 4324 659 4385 ad
683 4343 805 4406 pacem.

323 4427 404 4490 Item
439 4428 614 4512 Dyonisius
644 4428 733 4492 faber
765 4444 874 4494 contra
906 4433 1090 4497 Emericum
1128 4436 1234 4518 primo
1265 4438 1379 4499 citatus
1418 4459 1485 4502 non

218 4534 407 4617 comparuit.

306 4640 404 4703 'Item
428 4661 522 4703 causa
547 4642 673 4704 Lucasii
698 4653 729 4705 et
752 4643 881 4706 Andree
914 4661 961 4708 est
984 4668 1040 4730 per
1064 4647 1241 4729 Georgium
1273 4663 1428 4711 sartorem
1454 4666 1485 4715 et

221 4747 368 4808 Markum
392 4747 432 4809 ad
456 4761 529 4809 octo
554 4747 623 4810 dies
646 4762 772 4832 recepta
795 4748 835 4810 ad
860 4771 982 4832 pacem.
