3404 5362
614 111 698 168 Anno
721 106 815 185 1386.
841 141 881 152 -
907 121 954 184 17.
979 110 1150 169 novembris.
1456 109 1518 190 267

354 321 435 383 Item
475 321 586 382 Petrus
610 319 747 401 Wogrin
773 334 883 380 contra
916 319 1132 399 Dragozlaum
1169 319 1273 400 primo
1306 319 1419 380 citatus
1452 338 1517 380 non

217 428 441 509 comparuit.

353 533 435 594 Item
466 552 558 594 causa
592 532 719 594 Martini
753 546 862 594 contra
896 531 1003 592 Mathe
1040 531 1079 591 ad
1113 531 1253 612 primum
1291 529 1446 611 judicium
1472 544 1518 591 est

213 653 436 721 prorogata.

352 745 434 808 Item
452 743 598 828 Mychael
623 743 852 806 Stachunarich
876 758 986 804 contra
1011 743 1168 823 Sciturigh
1193 742 1297 824 primo
1322 742 1435 802 citatus
1453 759 1518 800 non

209 851 444 934 comparuit.

353 958 435 1019 ltem
461 955 603 1017 Iwchech
628 969 738 1017 contra
763 954 870 1017 Mathe
887 955 1030 1017 secundo
1055 954 1169 1017 citatus
1194 973 1258 1016 non
1281 953 1470 1034 comparuit.

355 1063 435 1124 Item
472 1063 594 1145 Symon
630 1062 773 1124 salivena
812 1076 922 1123 contra
954 1060 1125 1122 Nicolaum
1163 1060 1268 1140 primo
1304 1059 1417 1120 citatus
1453 1076 1518 1118 non

203 1171 442 1253 comparuit.

354 1277 435 1337 ltem
461 1277 611 1336 Marenus
635 1293 691 1356 per
717 1272 894 1354 Georgium
919 1272 1156 1334 stachunarium
1181 1285 1212 1333 et
1238 1271 1417 1332 Johannem
1437 1269 1516 1332 Gra-

199 1384 329 1466 ehyn
358 1394 474 1443 octavo
499 1381 549 1441 die
575 1380 635 1441 hoc
660 1380 817 1458 atestabit‚
843 1379 931 1460 quod
957 1380 1061 1459 ipsum
1085 1376 1261 1459 Gregorius
1286 1376 1419 1438 voschar
1437 1378 1518 1438 vitu·

198 1503 402 1568 parasset,
427 1500 458 1548 et
481 1487 542 1548 alie
567 1506 660 1548 cause
685 1484 828 1547 eiusdem
858 1500 930 1545 sunt
954 1497 1143 1566 presentare.

355 1594 435 1654 ltem
467 1612 562 1654 causa
594 1592 718 1654 domini
751 1593 839 1652 Luka
872 1604 981 1652 contra
1011 1590 1136 1652 Berend
1168 1605 1199 1650 et
1231 1590 1299 1650 eius
1330 1589 1515 1651 societatem

200 1717 350 1782 usque
376 1701 416 1761 ad
444 1712 515 1760 octo
541 1699 609 1759 dies
633 1714 679 1759 est
702 1711 882 1779 prorogata.

355 1806 436 1866 Item
461 1804 548 1886 quod
574 1805 648 1885 quia
674 1802 833 1884 Georgius
858 1802 1014 1885 Gerdnyn
1039 1815 1070 1863 et
1087 1801 1248 1861 Johannes
1274 1799 1358 1861 filius
1383 1801 1466 1863 Petri
1486 1801 1517 1861 in

203 1913 391 1993 quodam
425 1911 500 1971 vino
533 1909 675 1971 consocii
706 1907 841 1986 fuerint,
874 1908 948 1968 ideo
980 1909 1077 1968 ambo
1113 1906 1253 1967 sedecim
1286 1925 1408 1968 marcas
1433 1907 1516 1967 lwan

211 2017 408 2079 canonico
434 2016 558 2078 solvere
583 2015 720 2090 debent;
752 2017 819 2096 ipse
843 2027 950 2075 autem
984 2012 1147 2073 Joharmes
1179 2011 1297 2073 dictam
1324 2031 1451 2073 causam
1476 2011 1517 2071 ad

220 2124 404 2203 antiquos
427 2120 549 2201 judices
573 2120 758 2202 appellavit.

354 2246 432 2307 Item
452 2246 560 2307 Hense
579 2245 765 2306 Carintinus
782 2264 883 2326 usque
910 2243 1090 2325 quindenas
1107 2242 1242 2303 Nicolao
1256 2242 1356 2303 sutori
1373 2241 1516 2322 quinque

223 2373 372 2415 tnarcaa
396 2352 521 2413 solvere
546 2351 641 2413 debet
665 2371 723 2431 pro
751 2352 820 2411 eius
844 2350 986 2411 vulnere.

356 2459 435 2520 item
460 2477 592 2520 consors
618 2459 727 2518 Kusko
744 2458 886 2518 secundo
904 2477 936 2517 se
962 2470 1075 2518 octavo
1093 2454 1144 2516 die
1169 2454 1286 2534 jurabit
1310 2455 1397 2535 quod
1417 2454 1518 2536 ipsam

231 2564 333 2627 lwan
361 2565 504 2627 literatus
527 2565 735 2626 vulnerasset.

355 2669 434 2732 Item
459 2689 552 2732 causa
579 2670 662 2731 Petri
688 2683 797 2731 contra
829 2669 937 2730 Placht
962 2688 1061 2748 usque
1091 2681 1239 2728 octavum
1265 2666 1349 2727 diem
1376 2681 1422 2729 est
1446 2688 1518 2750 pro·

243 2791 373 2859 rogata.

356 2882 432 2943 Item
458 2882 619 2964 Georgius
643 2882 682 2943 de
708 2882 863 2943 Rakouch
888 2896 1001 2943 octavo
1027 2882 1078 2943 die
1106 2883 1205 2944 tercio
1229 2903 1262 2944 se
1285 2902 1380 2964 super
1405 2903 1443 2943 eo
1471 2883 1518 2962 ju·

244 2990 342 3068 rabit,
368 2989 456 3070 quod
481 2989 613 3070 quidam
638 3008 741 3069 equus
764 3008 840 3049 suus
865 2987 984 3049 fuisset.

356 3095 434 3156 ltem
459 3095 585 3156 Blasius
608 3093 692 3156 filius
716 3094 823 3154 Wzod
848 3109 961 3155 octavo
991 3094 1042 3154 die
1068 3093 1134 3155 filio
1160 3095 1267 3155 Petres
1291 3114 1348 3176 pro
1375 3094 1518 3175 quodam

248 3198 414 3262 iusticinio
440 3220 540 3262 unum
565 3200 682 3282 pedem
707 3214 845 3261 mactare
870 3200 974 3261 debet.

702 3436 847 3525 Sequens
875 3436 1063 3506 sabbatum.

744 3588 807 3664 (17.
831 3590 1011 3663 novembris).

630 3749 772 3821 Judicium
795 3752 977 3821 antiquorum
999 3751 1134 3821 judicum.

356 3905 435 3965 Item
461 3905 614 3967 Nicolaus
639 3906 803 3988 Glesnyak
836 3919 949 3967 octavo
983 3907 1034 3967 die
1059 3907 1200 3968 secundo
1231 3927 1263 3967 se
1288 3926 1445 3985 supereo
1470 3906 1517 3986 ju·

252 4011 343 4091 rabit,
368 4011 456 4091 quod
482 4011 618 4073 Mathias
643 4027 743 4073 sartor
770 4013 875 4094 ipsum
908 4013 939 4072 in
966 4012 1066 4073 libera
1098 4012 1148 4073 via
1172 4012 1401 4093 procedentem
1425 4031 1515 4093 repe·

252 4116 374 4195 mendo,
398 4116 454 4178 sed
478 4137 543 4178 non
570 4118 658 4199 quod
684 4119 750 4199 ipse
773 4118 924 4179 Nicolaus
948 4119 987 4179 ad
1006 4119 1140 4180 domum
1164 4138 1255 4179 suam
1279 4118 1427 4196 venisset,
1446 4119 1515 4180 vul·

252 4236 401 4301 nerasset,
424 4242 462 4284 eo
483 4224 572 4304 quod
589 4224 676 4286 nulla
694 4224 838 4306 parcium
857 4225 961 4305 potuit
978 4227 1188 4306 comprobare
1213 4224 1316 4306 qualis
1335 4225 1512 4306 incepisset.

356 4329 434 4390 Item
457 4329 563 4410 primo
595 4329 757 4391 iohannes
789 4329 874 4391 filius
907 4331 989 4391 Petri
1015 4331 1102 4392 solus
1133 4345 1246 4393 octavo
1279 4330 1330 4392 die
1355 4350 1450 4412 super
1477 4350 1516 4392 eo

252 4432 378 4514 jurabit,
403 4435 491 4516 quod
516 4435 582 4516 ipse
611 4455 728 4497 novem
761 4456 882 4497 marcas
914 4456 931 4496 a
957 4436 1099 4517 Georgio
1125 4453 1155 4499 et
1186 4438 1255 4499 eius
1277 4450 1425 4498 consorte
1452 4456 1518 4498 non

253 4541 429 4621 recepisset.
