3404 5362
630 353 832 434 Aan01385.
858 391 898 401 -
924 369 971 432 17.
996 357 1108 418 martii.
1446 376 1506 438 233

345 568 423 630 Item
449 568 561 630 Petrus
584 567 702 649 longus
718 582 829 629 contra
846 568 925 629 BoIe
939 568 1081 630 secundo
1103 568 1217 631 citatus
1234 588 1298 630 non
1317 569 1507 651 comparuit.

347 674 426 736 Item
458 675 568 737 Petrus
591 672 676 735 filius
700 673 828 736 Andree
852 688 966 736 octavo
991 674 1044 737 die
1068 695 1125 757 per
1149 673 1327 757 Georgium
1352 677 1393 738 de
1419 676 1508 759 Opo-

238 779 339 843 rouch
365 795 395 843 et
420 780 630 843 Valentinum
647 780 687 842 de
710 781 826 842 Latino
850 781 933 859 vico,
961 780 1142 843 Iohannem
1168 780 1331 844 Chemerii
1358 781 1419 844 hoc
1443 796 1507 844 ate·

239 886 346 963 stabit,
371 886 451 968 quid
476 886 553 969 Ipsis
576 900 699 949 constat
724 886 763 948 de
789 906 883 949 causa
908 886 1008 969 ipsius
1031 887 1115 949 Petri
1140 901 1172 949 et
1196 886 1346 970 Philippi.

347 993 425 1055 Item
459 994 546 1056 idem
578 993 691 1055 Petrus
723 1007 833 1055 contra
865 993 1006 1055 eundem
1038 992 1225 1076 Philippum
1256 1006 1371 1055 octavo
1396 993 1447 1055 die
1473 994 1504 1055 in

241 1100 303 1162 alia
327 1119 424 1162 causa
447 1099 663 1183 respondebit.

346 1205 425 1267 Item
451 1204 628 1287 Gregorius
651 1204 737 1267 filius
760 1206 916 1270 Iohannis
943 1219 1054 1269 contra
1079 1206 1221 1267 Iwanam
1253 1206 1359 1289 prImo
1394 1207 1508 1268 citatus

242 1330 306 1372 non
332 1311 524 1395 comparuit.

348 1417 427 1480 Item
453 1416 561 1480 Mathe
585 1418 727 1480 salivena
752 1432 862 1482 contra
888 1418 1047 1480 Briccium
1071 1418 1177 1500 primo
1202 1419 1316 1480 citatus
1332 1439 1397 1480 non
1422 1438 1507 1480 corn·

243 1525 357 1606 paruit.

349 1629 428 1692 Item
455 1649 549 1691 causa
574 1629 665 1691 Pauli
699 1630 814 1693 literati
840 1643 951 1693 contra
984 1630 1151 1692 custodem
1175 1631 1215 1692 ad
1248 1646 1397 1693 octavum
1422 1631 1508 1693 diem

245 1736 281 1796 ad
304 1755 418 1818 pacem
445 1749 492 1798 est
515 1750 652 1819 recepta.

346 1842 426 1904 Item
450 1841 613 1906 Iohannes
636 1841 754 1924 figulus
771 1856 879 1905 contra
909 1844 1058 1905 Maritum
1074 1843 1179 1925 prImo
1203 1843 1316 1905 citatus
1339 1864 1403 1906 non
1422 1863 1509 1906 com·

247 1949 358 2029 paruit.

347 2055 427 2118 Item
452 2055 537 2117 Iwan
553 2054 695 2116 secundo
720 2074 752 2115 se
769 2070 884 2119 octavo
908 2055 959 2116 die
977 2075 1072 2137 super
1097 2076 1136 2117 eo
1153 2054 1280 2135 jurabit,
1298 2057 1386 2138 quod
1403 2057 1506 2140 ipsum

249 2160 322 2224 ScoI
341 2163 452 2224 Hanse
477 2162 684 2226 vulnerasset.

347 2269 426 2332 Item
461 2269 570 2330 Hanse
596 2268 712 2350 jurabit
735 2270 823 2332 solus
846 2289 941 2353 super
973 2288 1023 2347 eo,
1054 2269 1142 2351 quod
1174 2269 1242 2351 ipse
1267 2268 1508 2331 Matheikonem

247 2391 307 2436 non
338 2375 560 2458 vituperasset.

348 2482 427 2544 Item
453 2481 614 2564 Georgius
646 2482 884 2545 molendInator
908 2482 1050 2544 secundo
1079 2503 1111 2543 se
1136 2481 1287 2564 (jurabit),
1321 2481 1409 2563 quod
1441 2483 1508 2563 Ipse

240 2584 422 2650 Iohannem
446 2608 512 2650 non
536 2589 756 2671 vituperasset.

400 2788 497 2863 Feria
525 2800 623 2862 sexta
658 2795 813 2881 proxima
840 2781 947 2863 ante*
977 2791 1177 2864 dominicam
1205 2791 1333 2864 Ietare.

768 2924 831 3006 (17.
855 2924 985 3007 martii).

347 3065 424 3128 Item
452 3087 546 3129 causa
565 3067 733 3129 Laurentii
751 3066 890 3129 condam
906 3067 1021 3150 judicis
1042 3081 1152 3128 contra
1169 3065 1275 3127 Varad
1300 3065 1340 3127 ad
1359 3078 1509 3127 octavum

221 3171 329 3235 diem
354 3173 394 3234 ad
420 3191 531 3255 pacem
557 3188 603 3236 est
626 3188 763 3255 recepta.

346 3278 427 3342 Item
452 3301 545 3343 causa
570 3281 648 3343 Ewe
675 3279 740 3342 filie
774 3280 896 3341 Mareni
929 3293 1040 3342 contra
1067 3279 1220 3341 Cosmam
1253 3276 1451 3341 aurifabrum
1478 3293 1510 3341 et

210 3399 368 3451 &oerum
393 3407 483 3450 suam
508 3387 548 3449 ad
572 3400 722 3449 octavum
748 3386 836 3448 diem
859 3386 899 3448 ad
924 3405 1036 3468 pacem
1061 3399 1108 3448 est
1131 3381 1268 3467 recepta.

347 3494 426 3556 Item
452 3513 545 3555 causa
573 3493 684 3555 Jacobi
718 3493 797 3554 Bole
829 3505 939 3554 contra
965 3492 1093 3555 Petrum
1127 3492 1261 3574 longum
1294 3494 1333 3554 ad
1358 3508 1509 3556 octavum

215 3603 328 3665 diem
354 3598 394 3660 ad
418 3618 530 3682 pacem
555 3612 602 3660 est
629 3612 767 3681 recepta.

348 3704 428 3766 Item
455 3724 550 3766 causa
574 3704 712 3766 DIonisii
734 3704 793 3767 rufi
811 3718 920 3767 contra
938 3704 1101 3766 Thomam
1127 3705 1167 3766 ad
1191 3719 1341 3766 octavum
1366 3705 1452 3767 diem
1469 3705 1508 3767 ad

211 3825 353 3890 pacem
378 3823 425 3872 est
449 3823 586 3893 recepta.

346 3916 425 3977 Item
452 3916 637 3978 Anthonius
661 3930 771 3979 contra
797 3916 976 3998 Georgium
1006 3929 1121 3978 octavo
1146 3916 1197 3977 die
1222 3916 1441 3997 respondebit.

347 4022 427 4085 Item
451 4024 618 4086 Emericus
641 4044 775 4106 arcupar
809 4038 918 4087 contra
944 4023 1033 4085 Rade
1066 4037 1180 4085 octavo
1205 4024 1256 4084 die
1289 4023 1508 4105 respondebit.

347 4129 426 4192 Item
451 4129 614 4193 Iohannes
644 4129 730 4192 filius
755 4130 904 4212 Gregorii
937 4144 1048 4192 contra
1074 4130 1213 4191 Iwanam
1246 4142 1360 4190 octavo
1386 4129 1437 4190 die
1461 4148 1509 4190 re-

213 4236 423 4322 spondebit.

347 4342 427 4404 Item
451 4342 642 4404 Dominicus
666 4356 781 4405 octavo
805 4343 857 4405 die
874 4364 931 4427 per
957 4342 1157 4425 Stephanum
1181 4360 1353 4425 preconem
1372 4356 1402 4402 et
1418 4360 1508 4401 suam

219 4462 423 4511 consortem
448 4449 607 4528 atestabit,
631 4449 720 4531 quod
745 4449 812 4531 ipse
829 4449 968 4511 consorti
995 4449 1085 4510 Pauli
1111 4462 1241 4510 centurn
1266 4446 1416 4509 denarios
1433 4466 1508 4509 con·

223 4554 393 4616 cessisset.

349 4660 428 4722 Item
453 4661 536 4721 Rees
560 4674 669 4723 contra
695 4662 877 4746 Myklinum
909 4663 1052 4724 secundo
1077 4662 1191 4724 citatus
1223 4681 1287 4723 non
1320 4662 1509 4744 comparuit.

347 4836 453 4893 *Corn
473 4845 541 4905 post.
