3404 5362
495 404 582 461 Anno
605 399 695 479 1378.
720 435 760 444 -
778 416 832 478 31.
857 403 985 474 augusti.
1323 420 1381 482 147

221 614 298 677 Item
323 613 492 675 Ladislaus
515 628 630 676 octavo
654 612 707 675 die
731 632 765 674 se
785 613 903 675 tercius
927 612 1045 693 iurabit
1070 613 1101 674 in
1126 632 1176 692 eo,
1201 612 1289 694 quod
1314 613 1381 694 Ipse

123 720 208 782 lellte
230 720 338 803 puelle
364 719 487 783 nullam
511 720 692 802 potenciam
720 717 854 782 fecisset.

223 827 301 888 Item
335 826 450 910 Je(l)ka
474 846 507 886 se
532 826 671 888 secunda
697 825 814 903 jurabit
839 826 871 887 ln
899 845 951 905 eo,
974 826 1064 907 quod
1089 827 1190 908 ipsam
1217 827 1385 889 Ladislaus

118 931 201 994 filius
224 934 328 995 Borlre
352 947 547 996 cruentasset
570 946 601 995 et
624 933 832 994 vulnerasset.

220 1040 299 1102 Item
323 1060 418 1103 causa
443 1039 622 1102 Clementis
653 1053 683 1101 et
715 1039 863 1122 Zitatych
896 1053 942 1101 est
965 1058 1022 1121 per
1054 1038 1177 1119 judices
1201 1054 1382 1122 prorogata.

221 1147 298 1208 Item
324 1145 487 1208 Sibichich
511 1166 544 1207 se
576 1145 736 1207 sccundus
765 1145 882 1225 jurabit
914 1159 1024 1207 contra
1050 1145 1174 1225 Petam,
1201 1147 1289 1227 quod
1316 1147 1382 1229 ipse

115 1273 169 1336 per
192 1251 307 1314 falsam
330 1252 416 1314 viam
442 1252 581 1313 eundern
607 1252 718 1312 Pasam
745 1270 810 1312 non
835 1251 985 1314 duxisset.

222 1359 299 1421 Item
323 1357 464 1420 Vardich
488 1372 603 1420 octavo
628 1357 679 1418 die
712 1377 745 1419 se
769 1357 885 1419 tercius
916 1357 1033 1438 jurabit
1058 1358 1089 1419 in
1114 1377 1164 1437 eo,
1193 1358 1281 1439 quod
1314 1359 1382 1440 ipse

117 1466 147 1527 in
172 1465 272 1527 domo
296 1464 452 1526 Iohannis
477 1484 536 1527 nec
560 1465 667 1526 literas
691 1484 749 1525 nec
774 1463 945 1546 pecuniam
969 1464 1149 1546 recepisset.

221 1572 299 1634 Item
323 1592 418 1634 causa
442 1572 565 1633 Mareni
590 1585 621 1633 et
644 1570 761 1632 ancille
786 1570 916 1632 Andree
940 1585 986 1632 est
1010 1590 1066 1653 per
1090 1571 1276 1651 judicesad
1308 1584 1382 1635 octo

117 1679 183 1740 dies
207 1692 377 1761 prorogata
402 1679 462 1739 sub
487 1676 590 1739 forma
613 1675 720 1738 fiende
744 1677 841 1758 pacis.

222 1785 298 1847 Item
331 1782 425 1847 Guch
456 1798 566 1846 contra
598 1783 775 1846 RenarIum
807 1802 840 1843 se
870 1783 988 1845 tercius
1012 1782 1129 1862 jurabit
1160 1804 1254 1866 super
1278 1786 1381 1847 tribus

116 1891 240 1969 marcis,
265 1890 353 1972 quod
378 1890 446 1973 ipse
470 1890 628 1952 Renarius
652 1890 737 1971 ipsas
760 1889 820 1950 sibi
846 1908 911 1950 non
937 1889 1152 1970 persolvisset.

222 2014 300 2077 Item
331 2015 506 2098 Matheylro
538 2034 595 2097 per
626 2014 804 2095 Georgium
837 2014 1067 2096 calcariparum
1099 2029 1130 2077 et
1155 2016 1292 2098 Mykech
1317 2017 1383 2079 Ha·

119 2120 247 2200 bouich,
270 2121 360 2203 quod
385 2120 492 2183 Mathe
516 2141 591 2184 suos
615 2124 714 2184 boves
737 2121 920 2200 remisisset,
944 2121 1091 2183 atestabit
1114 2136 1228 2185 octavo
1253 2123 1316 2186 die.

222 2227 301 2291 Item
326 2228 493 2290 Emericus
527 2247 660 2310 arcupar
685 2227 779 2289 Petro
811 2227 934 2289 decano
959 2227 1104 2309 quinque
1136 2247 1259 2290 marcas
1286 2229 1382 2292 dena·

118 2332 236 2394 tlorum
261 2347 292 2395 et
314 2333 411 2414 judici
437 2333 579 2396 mediam
602 2334 634 2395 in
658 2333 833 2415 quindenis
857 2333 1027 2416 persolvet.

159 2567 253 2641 Ferla
282 2572 390 2642 tercia
417 2572 573 2659 proxima
591 2578 668 2660 post
697 2570 821 2642 festam
849 2572 959 2641 sancti
989 2570 1154 2660 Jobannis
1183 2571 1340 2664 BaptIste

650 2694 850 2783 predictum.

627 2860 691 2942 (31.
727 2865 870 2939 augusti).

219 3020 327 3081 Primo
362 3033 473 3082 contra
508 3018 709 3102 Mychaelem
744 3018 848 3082 Ortofi
884 3020 987 3083 Crisel
1024 3022 1129 3102 primo
1166 3023 1281 3085 citatus
1316 3043 1382 3086 non

119 3127 305 3206 comparuit.

218 3232 297 3295 Item
321 3232 484 3296 Iohannes
515 3233 631 3296 Lieber
664 3247 776 3295 contra
801 3232 980 3316 Georgium
1014 3234 1245 3317 calcariparum
1276 3236 1382 3318 primo

117 3338 227 3401 citatus
250 3358 316 3401 non
344 3340 535 3421 comparuit.

175 3486 177 3490 -
218 3445 297 3507 Item
321 3445 470 3529 Mychael
494 3460 603 3507 contra
627 3446 822 3508 Mauriciom
846 3461 960 3508 octavo
986 3446 1039 3508 die
1063 3447 1282 3530 respondebit.

220 3551 298 3614 Item
322 3552 476 3613 Nicolaus
498 3552 652 3634 Baboyeb
670 3552 805 3614 asseruit
825 3571 932 3613 coram
951 3553 1056 3632 nobis,
1082 3553 1169 3634 quod
1195 3555 1262 3637 ipse
1281 3556 1383 3619 Paulo

116 3676 209 3719 suum
232 3658 357 3720 asinum
382 3678 441 3740 pro
464 3677 518 3720 sex
542 3657 648 3738 pensis
666 3656 873 3736 vendidisset,
898 3658 964 3739 lpse
982 3673 1090 3721 autem
1115 3659 1234 3722 Paulus
1251 3661 1382 3726 Matheo

114 3762 219 3846 ipsum
243 3764 369 3826 asInum
394 3764 599 3842 vendidisset,
631 3783 779 3845 proquo
803 3763 987 3826 Anthonius
1017 3765 1152 3828 Truden
1182 3787 1241 3849 pro
1266 3769 1382 3831 eodem

115 3867 333 3932 fideiubuisset
355 3889 414 3953 pro
438 3870 480 3931 VI
504 3869 623 3952 pensis.

218 3976 296 4038 Item
328 3976 477 4060 Mychael
508 3974 613 4038 Ortofi
645 3990 755 4038 contra
789 3976 924 4038 luanum
957 3977 1097 4040 Plauech
1134 3979 1241 4060 primo
1269 3979 1383 4041 citatus

112 4101 178 4145 non
202 4083 391 4165 comparuit.

219 4189 298 4250 Item
322 4187 469 4272 Mychael
492 4187 578 4251 filios
594 4189 686 4252 Pauli
712 4204 822 4251 contra
840 4189 1010 4252 dominum
1029 4191 1172 4252 Priorem
1196 4205 1311 4253 octavo
1329 4191 1381 4254 die

113 4313 147 4355 ee
171 4294 332 4356 secundus
354 4295 473 4377 jurabit
497 4296 530 4358 in
554 4315 606 4376 eo,
630 4295 718 4378 quod
744 4294 811 4379 ipse
829 4315 920 4358 suam
945 4316 1078 4358 uxorem
1103 4316 1169 4359 non
1195 4297 1318 4360 miserit
1341 4297 1382 4359 ad

109 4399 217 4483 ipsum
242 4399 324 4462 duos
346 4400 417 4465 flor.
442 4402 509 4465 auri
534 4403 575 4464 ab
599 4403 669 4486 ipso
694 4402 873 4466 mutuandi

221 4524 298 4587 Item
323 4526 420 4589 Liber
443 4526 606 4590 Iohannes
630 4541 741 4589 contra
760 4525 912 4610 Gyurgelt
938 4527 1170 4610 calcariparum
1195 4541 1311 4589 octavo
1328 4526 1380 4589 die

113 4631 329 4712 respondebit.

217 4737 296 4801 Item
323 4738 497 4802 Chuethlto
530 4752 561 4801 et
591 4739 703 4802 Petrus
727 4751 838 4802 contra
870 4740 1040 4803 luaninum
1074 4741 1180 4823 primo
1204 4739 1290 4802 citati
1315 4760 1380 4802 non

118 4860 372 4930 comparuerunt.

1255 4933 1274 4966 ὕ
