3404 5362
536 380 623 435 Am
647 376 739 453 1588.
767 413 805 421 -
829 394 878 438 10.
895 384 1049 455 januarii.
1330 451 1442 494 J

282 592 360 652 item
404 589 513 651 Mathe
543 605 659 651 octavo
689 592 743 653 die
773 592 916 653 secundo
940 613 974 652 se
1005 592 1124 671 jurabit
1155 594 1188 654 in
1220 613 1281 672 eo,
1312 607 1346 655 ut
1377 570 1469 668 ipe-0

170 699 347 782 quemdam
372 700 489 758 bovem
513 717 643 778 pascere
674 717 741 759 oon
774 700 1008 780 assumpsisset,
1040 719 1147 782 neque
1176 701 1273 762 sciret
1297 719 1363 783 quo
1387 670 1487 754 ὂψ

280 804 358 866 Item
376 805 456 865 Kale
480 818 592 865 contra
616 803 768 865 lisaniam
791 806 892 867 tercio
915 807 1031 868 citatus
1054 826 1121 868 non
1145 808 1340 889 comparuit.

279 911 356 973 ltem
382 912 509 973 Mezen
532 926 645 973 contra
668 913 778 974 Mathe
801 913 834 973 in
858 914 965 995 primo
988 913 1109 992 judicio
1134 915 1359 994 respondebit.

280 1037 358 1099 Item
383 1038 450 1098 Juri
467 1037 655 1099 Carintinus
676 1058 780 1120 usque
797 1039 981 1120 quindenas
996 1039 1175 1101 secundum
1193 1038 1363 1102 decimum
1380 1034 1483 1103 θα
1507 991 1531 1043 1

172 1147 241 1207 auri
266 1146 375 1206 Marco
399 1146 519 1205 cursori
544 1145 668 1206 solvere
692 1145 799 1207 debet.

282 1250 360 1312 Item
386 1250 567 1312 Marchicha
592 1267 703 1313 contra
727 1252 795 1313 Juri
819 1252 926 1334 primo
954 1252 1049 1313 citata
1072 1271 1138 1312 non
1162 1255 1362 1336 comparuit.

171 1471 269 1545 Ferit
299 1475 407 1544 tercia
436 1474 591 1561 proxima
610 1486 685 1561 post
714 1473 839 1544 festum
857 1475 956 1545 beate
974 1474 1074 1546 Lucis
1100 1477 1248 1564 virginis
1280 1447 1531 1547 martiri?

686 1630 744 1703 s17.
772 1627 948 1699 decenbris).

279 1770 357 1832 Item
383 1769 545 1831 lohannes
562 1768 649 1831 filius
665 1769 820 1831 Hermani
838 1785 949 1831 contra
974 1769 1100 1853 Ciphus
1115 1771 1222 1854 primo
1246 1772 1371 1834 citatus
1389 1759 1531 1834 norff

172 1880 363 1962 comparuit.

281 1985 360 2047 irem
378 1983 531 2045 Nicolaus
548 1983 684 2065 Lipulch
697 1999 807 2045 contra
821 1982 1010 2065 Gyaninum
1027 1999 1142 2046 octavo
1159 1983 1211 2044 die
1224 1986 1531 2066 respondebitae

282 2092 360 2153 item
397 2092 506 2152 Mareu
532 2107 641 2151 contra
676 2091 844 2152 Elizabeth
877 2091 1046 2152 mulierem
1070 2089 1215 2153 secundo
1240 2092 1363 2154 citatus
1390 2112 1531 2154 nona-f

174 2200 363 2281 comparuit.

280 2306 358 2368 item
390 2326 483 2368 causa
510 2305 640 2386 Mathai·
664 2317 775 2365 contra
805 2305 967 2365 Mezaram
991 2305 1033 2365 ad
1065 2319 1139 2366 octo
1172 2304 1242 2365 dies
1266 2305 1311 2366 ad
1336 2326 1456 2387 pacem

172 2429 220 2475 est
242 2430 379 2495 recepta.

280 2521 357 2582 Item
394 2539 485 2580 causa
521 2518 689 2580 Laurentii
725 2533 836 2580 contra
870 2518 1086 2599 Dragozlaum
1118 2517 1158 2580 ad
1190 2532 1265 2579 octo
1300 2520 1375 2581 dies
1409 2521 1451 2582 ad

173 2645 283 2705 pacem
308 2642 355 2687 est
379 2641 514 2707 recepta.

279 2733 356 2793 item
389 2732 499 2793 Mareu
540 2747 650 2792 contra
683 2731 884 2793 Anthonium
917 2731 1016 2791 Renis
1050 2729 1193 2792 secundo
1226 2731 1347 2792 citatus
1385 2754 1456 2795 non

173 2839 363 2920 comparuit.

279 2945 358 3008 item
383 2966 477 3008 causa
503 2946 600 3007 luane
625 2959 734 3006 contra
760 2944 840 3006 Kele
868 2963 971 3024 usque
1000 2957 1075 3005 octo
1099 2942 1168 3004 dies
1191 2943 1232 3004 ad
1256 2963 1375 3025 pacem
1401 2962 1448 3007 est

173 3067 311 3135 recepta.

280 3159 357 3221 Item
382 3160 533 3240 magister
550 3159 668 3219 Paulus
692 3171 806 3219 octavo
830 3158 882 3218 die
899 3177 994 3239 super
1018 3177 1057 3219 eo
1082 3157 1198 3238 jurabit
1215 3158 1306 3238 quod
1333 3159 1445 3221 Marco

174 3264 258 3328 filius
275 3266 402 3327 Mikech
419 3264 476 3327 filii
495 3266 520 3326 F
524 3265 654 3327 rancisci
673 3265 848 3327 Blanchich
864 3266 924 3325 sibi
942 3265 1070 3326 duobus
1086 3263 1155 3325 flor.
1173 3263 1302 3326 debitor
1322 3264 1446 3328 fuisset.

278 3374 355 3434 item
381 3373 519 3434 Zelezko
551 3386 660 3434 contra
685 3372 885 3434 Anthonium
917 3384 1058 3434 sutorem
1083 3371 1189 3453 primo
1225 3371 1342 3433 citatus
1376 3393 1441 3435 non

175 3481 364 3561 comparuit.

280 3588 357 3649 Item
383 3587 439 3649 Sib
464 3586 590 3648 Endree
615 3600 725 3648 contra
750 3586 884 3647 Paulum
911 3585 1072 3647 literatum
1098 3584 1292 3666 respondere
1319 3586 1440 3648 debens

174 3714 239 3756 non
266 3693 439 3774 respondit.

280 3800 357 3862 Item
383 3801 494 3862 Petrus
519 3801 619 3862 decan
643 3815 753 3862 contra
777 3799 863 3861 iwan
889 3799 993 3880 primo
1018 3798 1131 3859 citatus
1155 3816 1220 3859 non
1245 3800 1437 3881 comparuit.

280 3908 358 3970 item
387 3906 513 3969 Malech
537 3919 647 3968 contra
671 3906 843 3967 Nicolaum
868 3903 1005 3985 Lipulch
1028 3904 1127 3965 tercio
1151 3924 1184 3966 se
1209 3924 1307 3986 super
1331 3926 1371 3969 eo
1395 3905 1441 3987 ju-

174 4015 265 4092 rabit,
292 4014 380 4096 quod
406 4015 473 4095 ipse
497 4032 629 4075 uxorem
655 4032 745 4074 suam
770 4032 835 4074 non
857 4011 1062 4093 percussisset
1085 4030 1143 4073 nec
1167 4010 1323 4074 celarium
1349 4033 1440 4075 suum

175 4134 330 4182 intrasset.

346 4356 443 4431 Feria
471 4367 569 4431 sexta
597 4366 675 4448 post
702 4359 825 4431 festum
854 4356 1115 4446 Epiphaniamm
1145 4357 1281 4429 domini.

567 4510 670 4590 (Anno
695 4510 786 4589 1388,
813 4527 861 4571 10.
879 4510 1045 4587 januarii).

282 4656 358 4717 Item
391 4654 523 4715 domina
556 4652 730 4715 Katherina
763 4672 818 4734 per
849 4652 997 4714 dominas
1029 4658 1157 4715 Annam
1188 4673 1224 4715 ac
1257 4670 1442 4718 consortem

176 4763 272 4825 Liber
295 4782 330 4823 ac
355 4780 487 4823 uxorem
513 4760 662 4840 Gregorii
687 4759 798 4820 decani
825 4758 886 4820 hoc
904 4760 1060 4837 atestabit,
1086 4759 1174 4840 quod
1196 4759 1256 4821 sibi
1282 4761 1441 4845 Zekyrich

178 4868 331 4952 (mortum
355 4887 449 4931 suum
474 4866 656 4945 dimisisset,
681 4881 712 4928 et
735 4865 796 4928 hoc
821 4879 936 4927 octavo
961 4866 1023 4929 die.
