3404 5362
1344 440 1347 443 .
1355 436 1571 443 —.—-—-—-

338 545 434 619 Faria
463 551 569 620 tercia
598 551 752 638 proxima
780 560 857 639 post
881 550 1003 620 testum
1023 549 1253 622 Exaltacionis
1282 561 1398 622 sancte
1426 552 1548 622 crucis.

797 696 863 780 (16.
887 700 1076 782 septembris).

415 838 524 900 Primo
541 838 704 901 Johannes
728 839 868 902 decanus
885 854 995 902 contra
1020 839 1214 923 Gregoriurn
1232 840 1425 904 familiarem
1450 840 1574 902 domini

310 945 433 1008 Nicolai
469 946 686 1008 archidiaconi
719 947 850 1009 ecclesie
886 947 1102 1028 zagrabiensis
1133 963 1164 1010 et
1196 947 1376 1011 Johaunem
1412 948 1574 1010 literatum

309 1051 500 1114 familiarem
514 1053 637 1114 domini
656 1053 784 1114 Martini
803 1053 1017 1132 decimatoris,
1030 1056 1135 1138 primo
1159 1056 1271 1118 citatus
1292 1076 1357 1118 non
1375 1054 1574 1138 comparuit;

309 1159 504 1239 quequidem
531 1159 670 1241 predicte
688 1174 792 1241 partes
815 1159 981 1221 accionem
998 1180 1088 1222 suam
1105 1162 1203 1223 altera
1228 1163 1319 1223 alteri
1344 1161 1575 1223 commiserunt

309 1265 557 1345 exsequendam.

414 1370 491 1431 Item
525 1370 660 1432 Mathias
691 1369 775 1432 filius
807 1370 974 1434 Chernech
1008 1372 1178 1436 fideiubuit
1210 1394 1268 1456 pro
1293 1374 1433 1436 Macrino
1464 1387 1574 1435 contra

309 1477 379 1539 Kus
403 1478 442 1539 de
468 1477 616 1547 Grachan
641 1477 742 1539 hlium
769 1479 890 1539 Mareni
924 1479 963 1540 de
987 1480 1128 1561 quadam
1152 1481 1246 1542 vinea
1271 1499 1372 1562 usque
1397 1479 1466 1542 dies
1489 1494 1573 1542 octo.

416 1584 494 1645 item
518 1585 604 1644 iwan
629 1598 659 1645 et
676 1583 852 1665 Gregorius
876 1599 984 1646 contra
1001 1586 1174 1648 Nicolaum
1198 1585 1305 1648 rufum
1329 1586 1435 1668 primo
1452 1584 1573 1666 judicio

308 1703 381 1772 post
404 1691 601 1752 vindemiam
624 1690 877 1772 respondebunt.

415 1797 493 1858 Item
519 1797 710 1858 Benedictus
727 1796 811 1858 lilius
829 1799 954 1859 Lucasii
980 1798 1019 1860 de
1045 1798 1134 1860 Odra
1152 1798 1291 1860 Johanni
1309 1799 1411 1860 Vasos
1429 1799 1462 1860 in
1480 1799 1573 1880 quin-

309 1902 399 1964 denis
424 1904 567 1984 quinque
585 1923 699 1984 pensas
723 1917 754 1965 et
774 1904 846 1965 XVI
863 1904 1013 1966 denarios
1036 1924 1095 1987 pro
1113 1904 1257 1986 quodam
1274 1903 1402 1966 lustano
1420 1904 1573 1965 exsolvet.

415 2010 491 2071 item
517 2010 669 2070 Nicolaus
687 2009 803 2071 Mahne
822 2025 931 2073 contra
949 2011 1055 2072 Mathe
1073 2012 1318 2093 stipendiarium
1335 2010 1440 2093 primo
1454 2009 1574 2090 judicio

307 2129 380 2197 post
403 2115 602 2176 vindemiam
626 2117 842 2196 respondebit.

413 2222 490 2282 item
516 2222 647 2283 domina
666 2223 788 2303 Regina
815 2223 922 2284 relicta
939 2223 1068 2284 Andree
1086 2237 1196 2285 contra
1215 2222 1394 2304 Georgium
1417 2236 1571 2284 sartorem

307 2342 338 2389 et
362 2327 555 2409 Gregorium
589 2329 693 2410 primo
725 2328 846 2409 judicio
877 2342 950 2410 post
980 2328 1178 2391 vindemiam
1213 2328 1253 2389 ad
1286 2340 1436 2390 contenta
1469 2327 1572 2389 libelli

307 2433 450 2516 ipsorum
474 2435 691 2517 respondebit.

413 2542 492 2602 Item
517 2561 610 2601 causa
635 2540 725 2602 Pauli
757 2542 873 2602 sutoris
897 2554 928 2603 et
957 2541 1006 2602 sui
1039 2541 1227 2603 mercenarii
1255 2539 1408 2622 Stephani
1439 2553 1487 2601 est
1517 2558 1574 2621 per

307 2660 403 2708 testes
427 2647 466 2708 ad
492 2647 632 2728 primum
666 2646 820 2726 judicium
853 2661 978 2729 recepta
1010 2649 1049 2710 ad
1074 2669 1198 2731 pacem,
1230 2668 1288 2730 pro
1314 2667 1379 2728 quo
1404 2646 1573 2709 fideiussor

307 2753 409 2814 extitit
433 2752 567 2833 Egidius
590 2764 678 2814 sutor
704 2767 809 2813 noster
833 2754 974 2816 concivis
990 2754 1095 2836 ipsum
1119 2754 1240 2835 judicio
1265 2753 1528 2836 presentandum.

413 2860 490 2920 item
524 2860 635 2920 Marko
663 2857 747 2920 filius
780 2858 911 2921 Gordak
944 2875 1053 2921 contra
1078 2861 1286 2922 Valentinum
1316 2873 1430 2921 octavo
1455 2859 1507 2921 die
1539 2879 1572 2921 se

306 2965 422 3027 tercius
447 2965 564 3046 jurabit
589 2965 621 3025 iu
647 2985 696 3042 eo,
721 2966 809 3046 quod
835 2966 900 3048 ipse
925 2980 988 3028 tres
1020 2985 1134 3047 pensas
1166 2966 1373 3028 denariorum
1398 2984 1463 3027 non
1487 2963 1572 3027 lura·

306 3072 387 3133 verit
410 3074 448 3133 ab
475 3072 602 3134 eodem.

412 3178 489 3240 Item
512 3177 694 3261 Stephanya
726 3191 836 3239 contra
866 3177 1040 3240 Nicolaum
1073 3178 1307 3259 carpentarium
1341 3177 1446 3260 primo
1477 3176 1572 3241 citata

306 3304 371 3346 non
394 3285 583 3366 comparuit.

411 3391 489 3453 Item
524 3391 652 3453 Smalch
683 3405 793 3453 contra
829 3390 1049 3453 Lehcumuald
1076 3390 1182 3473 primo
1214 3389 1334 3470 judicio
1369 3403 1442 3472 post
1477 3411 1572 3453 suum

306 3498 480 3560 adventum
504 3518 536 3559 se
560 3498 676 3558 tercius
700 3497 817 3578 jurabit
840 3517 897 3579 pro
929 3498 1072 3578 quodam
1104 3497 1225 3575 debim,
1250 3510 1280 3558 et
1314 3515 1410 3578 super
1433 3516 1499 3577 quo
1524 3496 1573 3578 ju·

307 3604 388 3665 rabit
411 3604 572 3686 predictus
597 3604 847 3681 Lechcumuald‚
871 3604 931 3664 sibi
958 3603 1109 3665 exsolvet.

411 3711 489 3772 Item
515 3710 694 3792 Stephanus
718 3712 822 3792 primo
847 3710 966 3790 judicio
990 3730 1084 3771 suum
1109 3709 1211 3771 filium
1241 3709 1361 3789 judicio
1386 3724 1571 3792 presentare

306 3817 412 3897 debet,
436 3836 494 3899 pro
518 3837 583 3898 quo
609 3817 789 3899 Stephanus
814 3818 906 3878 Kone
929 3830 1033 3879 textor
1056 3817 1158 3877 extitit
1181 3815 1359 3880 fideiussor.

411 3924 490 3985 Item
514 3943 608 3985 causa
641 3924 717 3985 Sara
751 3936 782 3986 et
812 3923 986 3984 Alexandri
1018 3936 1064 3984 est
1091 3923 1132 3984 de
1164 3922 1309 4004 parcium
1340 3921 1507 3986 voluntate
1532 3926 1573 3988 ad

306 4032 446 4115 primum
471 4029 625 4110 judicium
659 4043 731 4111 post
763 4030 959 4091 vindemiam
992 4043 1173 4111 prorogata,
1197 4029 1223 4089 si
1255 4042 1362 4090 tamen
1387 4030 1573 4093 Alexander

307 4137 397 4199 domi
422 4136 527 4214 fuerit,
552 4135 698 4216 alioquin
723 4136 855 4197 ulterius
879 4136 1043 4217 prorogari
1070 4135 1233 4197 debeatur.

413 4242 491 4304 Item
509 4241 639 4303 Lachko
664 4242 801 4323 lapicida
818 4256 927 4304 contra
943 4243 1117 4323 parlerium
1135 4255 1222 4304 actor
1238 4241 1375 4304 existens
1399 4262 1466 4304 non
1483 4263 1572 4305 com-

306 4350 412 4433 paruit
435 4369 539 4430 neque
565 4348 660 4411 misit.

413 4455 491 4517 Item
518 4455 669 4516 dominus
694 4455 805 4516 Petrus
829 4454 919 4516 Prior
943 4468 1053 4516 contra
1085 4454 1286 4516 Anthonium
1311 4452 1459 4537 Zitarych
1483 4470 1574 4519 actor

307 4562 444 4625 existens
468 4580 533 4622 uon
559 4561 747 4642 comparuit.

412 4667 489 4727 Item
514 4686 606 4727 causa
631 4666 753 4727 Miclini
777 4667 941 4727 assessoris
965 4680 995 4728 et
1019 4667 1096 4728 luan
1121 4667 1269 4750 preconis
1294 4681 1340 4729 est
1362 4667 1402 4729 ad
1426 4668 1572 4751 primum

306 4771 463 4854 judicium
486 4786 558 4854 post
581 4771 778 4833 vindemiam
802 4775 860 4835 sub
886 4770 987 4834 forma
1012 4772 1117 4835 fiende
1140 4774 1227 4856 pacis
1251 4788 1433 4856 prorogata.
