3404 5362
518 105 720 186 Ann01578.
749 142 790 154 —
815 123 845 171 2.
861 111 946 186 julri'.
1318 131 1377 193 139

217 321 296 384 Item
329 320 502 383 Chuethlto
535 333 649 382 octavo
682 319 734 380 die
764 318 892 400 jurabit,
916 321 1004 402 quod
1037 321 1103 404 ipse
1135 320 1284 384 nescierit
1307 322 1378 403 quis

63 416 217 509 fruges
242 426 368 489 Nicolai
393 425 518 488 Odolas
541 427 711 507 depascere
736 422 872 488 fecisset.

192 519 293 595 ‚Item
328 532 521 596 Benedictus
553 528 692 593 carnifex
726 544 836 593 contra
868 531 1063 614 Gregorium
1091 552 1203 594 voscar
1235 533 1377 595 secundo

60 637 223 701 citatus
249 657 312 699 nou
338 638 529 717 comparuit.

214 744 295 806 Item
322 745 474 826 magister
504 745 667 807 lohannes
699 745 832 827 Crispus
864 759 974 815 contra
1008 743 1202 826 Gregorium
1234 745 1376 807 secundo

60 849 220 912 citatus
247 870 312 911 non
337 851 528 932 comparuit.

212 957 293 1018 ltem
320 957 433 1018 Petrus
456 970 557 1019 sartor
581 972 691 1020 contra
717 957 920 1020 Clementem
938 956 1044 1040 primo
1069 956 1183 1018 citatus
1199 976 1264 1019 non
1289 976 1376 1020 com·

55 1063 221 1141 paruit.

210 1168 292 1230 ltem
317 1168 426 1230 Mathe
443 1182 532 1230 sutor
556 1183 666 1231 contra
684 1169 915 1250 Dragouanum
940 1171 1046 1253 primo
1067 1171 1181 1233 citatus
1205 1190 1270 1232 non
1288 1189 1376 1232 com·

55 1274 222 1356 paruit.

209 1379 314 1441 Nota!
339 1379 428 1461 quod
454 1378 615 1462 Georgius
638 1380 796 1442 litteratus
813 1377 963 1442 officialis
986 1381 1110 1443 domini
1129 1381 1240 1443 Jacobi
1265 1381 1375 1464 archy-

59 1486 240 1548 diaconi
266 1486 305 1547 de
330 1485 479 1548 Guerche
503 1486 684 1548 lohannem
701 1485 865 1548 Chemerii
883 1487 923 1548 de
940 1487 1093 1568 porcione
1118 1487 1235 1549 domus
1258 1500 1288 1547 et
1306 1488 1375 1549 uni·

51 1611 271 1655 versatum
289 1593 539 1674 possessionum,
552 1611 643 1654 suam
660 1611 793 1653 uxorem
811 1591 835 1653 F
839 1593 979 1654 rancisca
1002 1607 1115 1655 vocata
1132 1593 1374 1674 contingentem

52 1698 309 1777 hereditarie,
336 1699 502 1781 prohibuit
528 1713 559 1761 et
590 1698 753 1761 interdixit
785 1717 802 1760 a
834 1698 1025 1761 vendicione
1058 1713 1088 1761 et
1118 1700 1317 1761 alienacione
1344 1714 1375 1762 et

53 1806 182 1867 alios
209 1804 375 1885 quoslihet
401 1824 434 1866 se
467 1804 706 1866 intromissione
738 1803 777 1864 de
809 1803 931 1866 eisdem
962 1802 1044 1866 facta
1068 1804 1119 1865 vel
1150 1802 1296 1866 facienda
1322 1824 1374 1866 co·

50 1931 164 1975 ram
196 1912 304 1974 nohis.

209 2018 290 2079 Item
310 2037 403 2078 causa
428 2017 568 2080 Emerici
593 2030 623 2078 et
648 2015 731 2077 Petri
762 2030 809 2078 est
832 2036 888 2098 per
923 2017 1041 2079 Lucam
1068 2017 1197 2079 Bonioli
1229 2032 1262 2080 et
1295 2018 1373 2079 Dra·

47 2127 255 2211 gozlaum
280 2124 320 2184 ad
345 2121 457 2185 leriam
483 2136 604 2184 sextam
628 2136 756 2204 recepta
779 2122 820 2184 ad
844 2141 966 2205 pacem.

209 2229 289 2292 Item
315 2229 404 2290 Elias
427 2248 543 2310 parvus
567 2242 676 2290 contra
702 2228 873 2290 Nicolaum
901 2229 1039 2291 condam
1063 2228 1204 2310 judicem
1228 2230 1373 2290 secundo

52 2341 219 2403 citatus
244 2355 308 2397 non
334 2335 524 2417 comparuit.

209 2440 311 2503 Nota!
335 2441 425 2523 quod
449 2460 505 2522 per
529 2441 681 2521 judicem,
699 2440 819 2520 iuratos
843 2455 875 2503 et
899 2442 1081 2504 universam
1105 2444 1370 2505 communitatem

55 2549 156 2612 fuit
187 2547 312 2609 editum
336 2560 368 2608 et
391 2560 544 2608 statutum
568 2559 699 2629 propter
722 2547 845 2608 bonum
862 2548 960 2628 pacis,
980 2547 1069 2628 quod
1093 2549 1169 2629 quia
1192 2562 1266 2610 sunt
1290 2567 1370 2610 non-

57 2655 184 2717 nulli
211 2653 267 2734 qui
293 2653 427 2714 Mareno
451 2652 576 2714 concivi
601 2663 711 2714 nostro
736 2652 973 2731 insidiarentur,
1006 2667 1041 2714 ut
1064 2673 1303 2735 quemcumque
1328 2653 1367 2715 de

60 2775 212 2824 cetero
234 2759 266 2820 in
288 2759 387 2821 domo
411 2779 467 2820 sua
491 2759 543 2821 vel
568 2758 600 2820 in
625 2759 712 2820 curia
736 2759 769 2820 iu
793 2758 846 2820 die
870 2760 921 2821 vel
946 2773 1038 2821 nocte
1063 2760 1297 2842 reprehendere
1316 2779 1372 2842 po·

61 2867 190 2944 terit,
215 2865 271 2946 qui
288 2865 338 2926 vel
361 2865 434 2947 quis
457 2864 517 2926 sibi
537 2864 712 2944 insidiaret,
728 2865 827 2926 talem
851 2865 902 2926 vel
926 2864 1006 2926 tales
1030 2866 1056 2926 si
1073 2865 1218 2927 occidere
1242 2865 1370 2947 poterit,

62 2972 140 3033 de
168 2972 295 3033 civitate
321 2991 386 3033 non
411 2970 557 3032 exuletur
579 2990 684 3052 neque
709 2971 852 3052 aliquam
876 2991 994 3053 penam
1022 2971 1162 3033 incurret
1186 2972 1256 3054 ipso
1275 2969 1370 3033 iacto.

211 3076 291 3138 Item
320 3076 441 3139 Mathia
472 3076 599 3139 Crisani
631 3096 723 3138 suam
753 3076 942 3158 porcionem
974 3078 1036 3139 orti
1068 3077 1231 3139 interdixit
1263 3096 1372 3139 coram

68 3182 200 3245 nohis
224 3197 255 3245 et
278 3183 356 3245 alias
380 3183 545 3244 universas
568 3183 786 3265 possessiones
807 3202 902 3244 auum
926 3182 1056 3245 fratrem
1080 3203 1097 3244 a
1122 3183 1326 3247 venditione.

210 3289 289 3352 ltent
313 3289 478 3352 Corardus
500 3302 604 3351 textor
628 3289 733 3370 primo
756 3288 877 3369 judicio
908 3303 1017 3351 contra
1043 3290 1148 3351 Eliam
1173 3289 1372 3351 aurifabrum

72 3395 324 3476 respondebit.

211 3501 288 3563 ltem
315 3500 484 3564 Chernech
509 3519 626 3583 parvus
651 3513 760 3561 contra
786 3499 920 3562 luanum
945 3501 1126 3563 carnificem
1151 3502 1294 3563 secundo
1327 3503 1372 3564 ci·

72 3610 188 3668 tatus
211 3626 277 3669 non
301 3607 491 3689 comparuit.

213 3713 293 3775 ltem
317 3733 411 3775 causa
436 3713 525 3775 luani
551 3727 582 3775 et
606 3712 802 3775 Wlkouiche
824 3728 870 3776 est
893 3734 950 3795 per
968 3714 1097 3775 Petrum
1122 3714 1315 3796 Hungarum
1341 3729 1372 3778 et

77 3806 223 3881 Chifus
246 3820 286 3881 ad
312 3819 452 3903 primum
478 3818 634 3899 judicium
659 3833 786 3900 recepta
810 3819 851 3880 ad
875 3838 999 3902 pacem.

148 4037 241 4112 leria
268 4047 367 4111 sexta
397 4041 552 4128 proxima
581 4047 657 4128 post
685 4039 807 4110 festum
835 4039 1010 4111 beatorum
1040 4040 1131 4111 Petri
1160 4050 1192 4111 et
1222 4041 1318 4113 Pauli

619 4163 860 4251 apostolorum.

657 4320 703 4392 (2.
726 4315 823 4392 sulit).

211 4456 320 4517 Primo
346 4455 510 4518 Corardus
533 4468 621 4516 sutor
654 4469 764 4517 contra
789 4455 991 4539 Mychaelem
1027 4456 1165 4539 Ortophi
1190 4456 1295 4538 primo
1328 4456 1370 4516 ci·

107 4559 188 4621 tatus
210 4581 276 4623 non
302 4562 493 4644 comparuit.
