3404 5362
609 341 696 397 Anno
719 351 806 416 1375.
831 374 872 382 —
891 356 926 418 3.
951 343 1064 415 aprilis.

319 550 396 612 Item
420 571 513 613 causa
538 550 637 612 Marci
661 549 717 613 filii
743 550 902 613 Leonardi
928 565 959 612 et
976 550 1125 632 Gregorii
1150 564 1197 612 est
1219 570 1277 632 per
1300 549 1480 612 Francham

214 655 411 720 aurifabrum
437 657 574 719 edocto
599 656 667 719 dies
691 670 817 740 recepta
842 657 881 718 ad
906 676 1028 739 pacem.

319 765 398 827 ltem
423 784 517 827 causa
539 764 666 826 Nicolai
690 763 747 826 filii
773 763 863 826 Pauli
881 777 912 826 et
934 764 1042 825 relicte
1067 762 1139 823 Elie
1162 761 1346 824 stacionarii
1370 776 1418 824 est
1442 762 1481 824 ad

214 869 326 932 feriam
349 884 470 933 sextam
494 871 674 953 proximam
698 886 770 954 post
798 869 916 933 festum
946 870 1115 932 beatorum
1148 867 1289 950 Philippi
1314 883 1346 930 et
1370 869 1482 931 Jacobi

214 989 396 1060 prorogata.

319 1082 398 1144 ltem
424 1084 547 1145 Munko
571 1097 686 1146 octavo
711 1083 934 1162 dieatestabit‚
959 1097 993 1144 ut
1016 1083 1132 1145 melius
1156 1082 1286 1165 poterit,
1307 1081 1397 1164 quod
1415 1081 1484 1165 ipse

212 1209 285 1251 suas
308 1187 416 1271 fruges
441 1189 473 1250 in
498 1189 640 1271 quodam
665 1191 782 1253 scrinio
807 1191 839 1251 in
864 1189 963 1251 domo
989 1189 1100 1251 Scorta
1125 1187 1275 1270 Gregorii
1307 1187 1484 1249 habuisset.

319 1294 398 1357 Item
423 1295 579 1357 Martinus
602 1296 731 1378 sellipar
755 1309 865 1358 contra
889 1295 1026 1357 Paulum
1051 1295 1213 1357 literatum
1237 1295 1345 1377 primo
1368 1295 1485 1357 citatus

214 1419 280 1463 non
305 1401 494 1482 comparuit.

319 1505 397 1568 ltem
421 1507 600 1568 Peterlinus
624 1507 797 1569 Zaualiche
822 1508 854 1569 in
886 1507 1060 1588 quindenis
1091 1527 1210 1570 novem
1234 1526 1350 1590 pensas
1382 1506 1484 1569 dena-

215 1611 336 1674 riorum
361 1611 533 1693 persolvet.

319 1717 396 1780 ltem
422 1717 566 1780 Thomas
591 1732 700 1780 contra
726 1720 893 1781 Marenum
925 1734 1013 1782 actor
1037 1720 1175 1782 existens
1198 1738 1264 1781 non
1288 1721 1485 1802 comparuit.

318 1823 397 1886 ltem
421 1823 598 1905 Gregorius
622 1825 750 1887 Andree
778 1825 917 1888 condam
949 1825 1054 1907 jurato
1078 1826 1110 1887 in
1143 1825 1317 1907 quindenis
1341 1838 1485 1907 quatuor

214 1949 330 2012 pensas
353 1929 521 2012 persolvet.

319 2037 396 2099 ltem
421 2037 573 2099 Nicolaus
596 2038 696 2100 luano
721 2039 752 2100 in
777 2040 950 2120 quindenis
977 2040 1000 2101 ll
1026 2040 1096 2103 flor.
1120 2041 1292 2123 persolvet.

319 2143 397 2205 ltem
433 2143 552 2205 Paulus
586 2143 675 2206 faber
706 2165 763 2227 per
788 2147 874 2208 Mike
915 2159 1029 2208 octavo
1065 2147 1118 2209 die
1150 2147 1297 2209 atestabit
1328 2146 1361 2207 in
1398 2145 1486 2208 facto

215 2250 448 2332 quinquaginta
473 2249 689 2314 denariorum.

320 2354 396 2417 ltem
429 2356 635 2418 Sebastianus
666 2358 804 2420 condam
834 2358 930 2440 judex
963 2360 1107 2438 asseruit,
1143 2359 1231 2441 quod
1264 2359 1371 2441 ipsum
1406 2357 1485 2419 luan

214 2475 357 2543 tempore
381 2460 550 2541 juramenti
576 2463 681 2524 verbis
704 2465 852 2546 turpibus
875 2479 948 2526 ante
973 2485 1060 2527 aram
1089 2464 1245 2527 affecisset
1268 2483 1378 2526 coram
1404 2463 1486 2526 Dra·

213 2567 329 2648 gozlao
353 2580 384 2627 et
408 2568 587 2630 Laurencio
612 2589 647 2631 ac
671 2570 807 2632 Nicolao
835 2585 866 2633 et
891 2571 1034 2653 Georgio
1058 2571 1179 2652 juratis.

318 2672 397 2734 ltem
422 2673 555 2755 orphani
581 2675 714 2737 Scortha
731 2676 892 2758 Gregorii,
916 2691 988 2760 post
1004 2679 1217 2740 statucionem
1242 2677 1360 2738 domus
1383 2677 1488 2759 ipsius

216 2776 364 2860 Gregorii
390 2780 528 2842 Martino
552 2783 763 2864 carpentario,
777 2797 924 2847 contenta
950 2785 982 2845 in
999 2784 1130 2865 legistro
1154 2784 1279 2846 solvere
1304 2782 1486 2847 debebunt.

399 3014 496 3090 Feria
523 3023 629 3092 tercia
656 3023 812 3110 proxima
839 3031 915 3112 post
943 3023 1144 3096 dominicam
1172 3023 1300 3096 letare.

749 3178 791 3252 (3.
815 3178 941 3252 aprilis).

321 3308 430 3374 Primo
463 3312 624 3376 Johannes
656 3315 783 3397 pellifex
822 3330 931 3378 contra
964 3317 1135 3379 Lucasium
1171 3316 1343 3399 pellificem
1375 3318 1486 3400 primo

218 3417 332 3480 citatus
356 3437 420 3479 non
445 3420 634 3501 comparuit.

321 3523 400 3585 ltem
424 3524 534 3587 Sibich
557 3539 667 3587 contra
692 3527 903 3590 Benedictum
927 3530 1033 3611 primo
1057 3529 1170 3591 citatus
1194 3548 1260 3591 non
1289 3533 1485 3613 comparuit.

321 3629 399 3692 ltem
431 3630 614 3694 Anthonius
644 3632 745 3694 Reniz
777 3648 887 3696 contra
919 3634 1113 3716 Gregorium
1146 3637 1252 3717 primo
1276 3636 1392 3698 citatus
1415 3657 1484 3700 non

218 3737 408 3818 comparuit.

321 3841 401 3903 ltem
424 3843 578 3907 Nicolaus
601 3844 685 3907 filius
709 3846 826 3908 Herrih
851 3861 961 3909 contra
978 3848 1120 3910 Blasium
1144 3849 1250 3931 primo
1275 3849 1390 3911 citatus
1417 3869 1485 3912 non

218 3947 408 4030 comparuit.

321 4052 400 4115 ltem
425 4074 517 4117 causa
541 4057 611 4118 Elie
647 4072 678 4120 et
713 4058 810 4119 Marci
843 4073 889 4122 est
914 4080 970 4142 per
1002 4060 1180 4122 Francham
1215 4059 1415 4124 aurifabrum
1453 4078 1486 4126 et

218 4157 372 4242 Gyurgek
396 4160 435 4222 ad
461 4175 534 4224 octo
558 4162 627 4224 dies
650 4178 775 4246 recepta
799 4165 839 4226 ad
865 4186 988 4248 pacem.

322 4266 400 4328 ltem
426 4268 570 4330 Andreas
595 4269 695 4332 Kozel
721 4284 834 4332 octavo
858 4272 910 4334 die
942 4274 1089 4335 atestabit
1113 4294 1170 4356 per
1195 4274 1375 4356 Georgium
1400 4276 1485 4340 Ger·

216 4370 292 4432 dine
316 4384 347 4433 et
371 4372 498 4435 Petrum
524 4375 712 4457 Meynosich
735 4398 830 4460 super
854 4399 903 4457 eo,
929 4379 1016 4461 quod
1047 4381 1151 4462 ipsum
1175 4381 1328 4443 Nicolaus
1352 4383 1393 4445 de
1411 4385 1485 4448 Ste-

216 4477 320 4539 neuch
344 4478 520 4542 interficere
544 4481 706 4544 voluisset.

324 4585 402 4645 ltem
417 4585 569 4649 Malinich
584 4602 693 4651 contra
711 4591 910 4654 Anthonium
928 4593 1051 4655 Jursich
1065 4607 1179 4657 octavo
1192 4596 1245 4658 die
1262 4598 1485 4679 respondebit.

321 4690 400 4752 ltem
424 4691 534 4754 relicta
556 4697 717 4777 organiste
746 4713 854 4761 contra
887 4700 1022 4762 Elenam
1046 4702 1151 4783 primo
1184 4704 1275 4766 citata
1301 4723 1367 4766 non
1392 4727 1485 4772 com·

216 4809 330 4876 paruit.
