3404 5362
573 342 658 397 Anno
684 341 773 416 1376.
800 372 839 381 -
863 351 910 399 12.
935 338 1106 412 septembris.

319 552 397 613 ltem
434 571 527 614 cause
560 550 680 612 Vrbani
711 563 742 611 et
774 547 927 630 Stephani
955 561 1002 608 est
1033 568 1089 629 per
1113 547 1302 628 magistrum
1335 543 1476 606 Francha

213 657 410 721 aurifabrum
435 658 474 718 ad
499 671 572 719 octo
597 657 665 718 dies
689 669 814 737 recepta
839 655 880 716 ad
903 674 1026 737 pacem.

320 764 399 826 Item
423 762 567 825 lwchech
599 761 815 844 carpentarius
846 775 955 823 contra
981 759 1133 843 Gyurgek
1165 759 1396 840 calcariparum
1431 776 1477 818 se·

215 869 322 932 cundo
347 870 460 932 citatus
484 889 549 930 non
574 868 762 950 comparuit.

320 994 398 1055 Item
430 993 505 1054 Sara
538 1005 651 1053 octavo
676 991 727 1052 die
760 1010 816 1073 per
841 991 1039 1072 Stephanum
1072 990 1146 1050 laxe
1172 1002 1202 1050 et
1233 1006 1389 1071 precones
1413 999 1476 1048 ate-

214 1100 308 1162 stabit
339 1112 448 1161 contra
482 1098 699 1160 Alexandrum
729 1117 824 1179 super
857 1117 907 1173 eo,
940 1096 1028 1178 quod
1061 1096 1127 1178 ipse
1161 1095 1194 1156 in
1227 1114 1318 1156 suam
1344 1093 1475 1155 domum

214 1220 358 1288 tempore
383 1219 541 1267 nocturno
567 1224 664 1265 manu
688 1204 838 1286 vyolenta
862 1203 1081 1265 subintrasset.

322 1312 400 1373 ltem
425 1311 543 1373 Paulus
566 1325 654 1372 sutor
677 1324 791 1372 octavo
816 1309 868 1370 die
892 1329 947 1392 per
973 1309 1171 1391 Stephanum
1195 1306 1299 1369 filium
1324 1304 1478 1389 Drasych‚

214 1417 376 1479 Martinko
402 1431 432 1479 et
449 1416 613 1477 Thomam
629 1437 665 1477 ac
681 1435 774 1476 suum
792 1435 947 1496 generum
971 1415 1118 1477 atestabit
1143 1415 1175 1474 in
1193 1433 1242 1491 e0,
1266 1413 1356 1494 quod
1374 1413 1477 1495 ipsum

213 1522 395 1604 Stephanus
418 1542 494 1583 suus
518 1522 733 1583 mercenarius
757 1521 893 1582 biccello
919 1521 1088 1600 evaginato
1114 1520 1221 1582 ledere
1246 1518 1412 1581 voluisset.

319 1646 397 1707 ltem
422 1646 540 1707 Paulus
565 1665 674 1706 cursor
691 1659 800 1707 contra
821 1645 1032 1707 Benedictum
1049 1659 1203 1707 sartorem
1228 1644 1333 1726 primo
1358 1642 1478 1724 judicio

214 1764 286 1834 post
309 1772 401 1812 suum
427 1752 600 1813 adventum
627 1751 844 1833 respondebit.

320 1859 398 1920 ltem
423 1856 583 1938 Georgius
607 1872 638 1919 et
662 1858 818 1920 Martinus
852 1872 989 1920 sartores
1013 1871 1123 1920 contra
1149 1857 1320 1918 Nicolaum
1345 1856 1478 1917 Zreber·

215 1964 318 2047 nycha
342 1979 456 2025 octavo
481 1963 533 2025 die
567 1963 717 2046 jurabunt
741 1964 772 2025 in
806 1983 856 2042 eo,
881 1964 969 2045 quod
1002 1964 1061 2046 ipsi
1087 1965 1127 2025 ab
1159 1963 1229 2045 ipso
1253 1962 1388 2024 domum
1414 1982 1479 2024 non

215 2072 438 2154 apreciassent.

321 2178 398 2238 ltem
423 2177 507 2238 lwan
532 2190 620 2237 sutor
644 2191 758 2238 octavo
783 2177 834 2237 die
858 2191 967 2238 contra
992 2177 1082 2238 Hans
1109 2177 1177 2239 sola
1202 2197 1337 2259 persona
1362 2176 1481 2259 jurabit

216 2284 247 2344 in
273 2303 322 2360 eo,
347 2283 434 2363 quod
460 2283 526 2364 ipse
551 2282 684 2343 anulum
709 2303 765 2364 per
789 2296 911 2364 septem
928 2282 1077 2344 denarios
1101 2282 1262 2346 habuisset
1286 2286 1326 2346 ab
1352 2283 1479 2363 eodem,

215 2389 309 2472 pepla
333 2401 440 2451 autem
465 2388 599 2449 omnino
623 2389 683 2449 sibi
707 2389 920 2470 persolvisset.

321 2512 398 2572 ltem
423 2512 498 2592 quia
522 2511 598 2573 luan
617 2510 814 2574 Chudauech
839 2533 932 2574 suum
949 2514 1132 2595 privignum
1158 2513 1351 2595 Gregorium
1376 2514 1480 2577 filium

217 2615 293 2676 luan
319 2617 540 2698 potencialiter
565 2618 603 2678 de
629 2619 777 2678 manibus
811 2619 935 2680 Nicolai
961 2621 1097 2682 condam
1131 2622 1230 2683 nostri
1255 2620 1370 2700 judicis
1394 2642 1480 2684 rece·

217 2722 314 2803 pisset
337 2723 485 2784 manibus
502 2724 641 2801 armatis,
666 2744 739 2785 cum
757 2726 825 2807 ipse
843 2727 999 2807 quosdam
1021 2728 1119 2788 boves
1144 2727 1256 2789 desua
1281 2729 1375 2791 vinea
1391 2749 1480 2792 amo-

217 2828 313 2890 visset
336 2843 367 2891 et
398 2829 580 2911 expulisset,
612 2830 700 2910 quod
734 2831 819 2892 idem
852 2831 1028 2913 Gregorius
1059 2847 1209 2895 oretenus
1233 2835 1377 2914 asseruit,
1403 2855 1481 2918 ergo

217 2948 263 2996 est
287 2936 452 2998 convictus
475 2936 508 2996 in
532 2937 560 2996 Χ
585 2936 699 2997 marcis
723 2937 940 3000 denariorum.

326 3041 403 3104 ltem
427 3055 500 3124 post
522 3043 663 3125 primum
687 3043 860 3105 adventum
887 3045 1015 3107 Smalch
1037 3046 1069 3108 in
1093 3048 1284 3129 Zagrabiam
1301 3069 1374 3111 cum
1400 3049 1483 3112 Leh-

217 3147 367 3210 cutnuald
392 3149 554 3211 racionem
578 3169 698 3232 ponere
723 3149 896 3212 debebunt.

323 3270 401 3333 ltem
433 3271 565 3352 quidam
598 3287 699 3334 sartor
729 3275 860 3336 nomine
893 3276 1087 3339 Benedictus
1117 3292 1226 3341 contra
1252 3279 1383 3341 Petrum
1415 3301 1482 3342 sar-

217 3390 321 3439 torem
343 3376 420 3439 ieria
443 3391 529 3440 sexta
553 3399 638 3440 nunc
663 3381 808 3461 proxima
828 3383 974 3444 atestabit
997 3404 1054 3466 per
1078 3385 1258 3447 iohannem
1282 3384 1385 3447 filium
1403 3385 1482 3449 Iuan

218 3496 249 3544 et
272 3483 433 3545 Vidonem
450 3484 600 3546 comitem
617 3499 797 3548 terrestrem
815 3487 847 3548 in
865 3508 914 3567 eo,
938 3489 1026 3570 quod
1043 3490 1110 3572 ipse
1135 3491 1298 3572 quandam
1322 3489 1483 3575 forpicem

218 3590 402 3670 aquodam
426 3591 607 3654 Tethonico
631 3593 740 3674 precio
765 3596 1006 3676 comparaverit.

240 3824 338 3900 leria
365 3836 462 3900 sexta
491 3831 645 3919 proxima
673 3839 750 3902 ante
778 3831 900 3904 festum
928 3831 1158 3908 Exaltacionis
1186 3844 1303 3910 sancte
1330 3841 1455 3912 crucis.

714 3981 779 4063 (12.
802 3989 987 4063 septembris).

326 4137 433 4200 Primo
457 4138 610 4201 Nicolaus
638 4141 755 4203 Mahne
787 4157 895 4207 contra
921 4145 1073 4208 Mathiam
1105 4147 1349 4230 stipendiarium
1374 4149 1485 4232 primo

220 4243 333 4307 citatus
356 4263 422 4305 non
447 4247 634 4327 comparuit.

326 4349 403 4410 ltem
429 4351 601 4413 Bndizlaus
633 4368 742 4416 contra
770 4355 969 4419 Demetrium
1002 4358 1127 4421 fabrum
1152 4377 1266 4425 octavo
1298 4362 1350 4424 die
1374 4383 1408 4425 se
1434 4385 1484 4427 se·

221 4454 343 4516 cundus
367 4455 483 4536 jurabit
506 4458 538 4518 in
564 4477 613 4537 eo,
638 4461 725 4540 quod
749 4461 815 4543 ipse
839 4483 896 4545 pro
922 4464 1064 4527 Gerdina
1088 4487 1154 4529 non
1178 4468 1398 4531 fideiubuisset
1422 4491 1485 4555 pro

220 4581 337 4623 novem
361 4582 479 4644 pensis.

326 4667 404 4730 ltem
437 4668 582 4732 Geninus
607 4674 684 4755 Lepi
717 4689 824 4737 contra
857 4677 1020 4740 Thomam
1048 4679 1149 4742 lilium
1174 4682 1299 4744 Nicolai
1324 4682 1481 4749 aurifabri

220 4774 325 4857 primo
354 4775 466 4838 citatus
489 4795 554 4838 non
580 4782 766 4863 comparuit.
