3404 5362
650 345 922 425 Ann01388.—
947 344 978 409 ό.
1007 349 1116 409 martii.
1447 347 1510 430 289

353 561 426 622 Item
452 558 614 641 Georgius
637 572 727 621 sutor
751 572 782 621 et
803 559 905 621 Malar
921 571 1031 621 contra
1056 559 1185 622 Petrum
1202 558 1308 642 primo
1332 559 1418 622 citati
1444 578 1510 621 non

260 678 504 747 comparuerunt.

354 773 429 835 ltem
456 771 639 834 Demetrius
663 768 803 832 carnifex
837 783 948 833 contra
973 770 1155 833 Mosnarich
1178 771 1284 855 primo
1308 771 1422 833 citatus
1446 790 1512 833 non

257 879 437 960 comparuit.

356 985 429 1048 ltem
442 985 528 1046 lwan
544 983 698 1047 Golizlou
711 995 822 1046 contra
837 983 966 1045 Petrum
984 982 1089 1065 primo
1107 981 1221 1044 citatus
1238 1001 1303 1045 non
1321 982 1511 1065 comparuit.

355 1090 429 1152 ltem
449 1111 544 1152 causa
563 1089 741 1173 Mychaelis
757 1102 788 1152 et
804 1089 960 1151 iohannis
973 1109 1074 1170 usque
1091 1101 1165 1150 octo
1182 1088 1251 1150 dies
1267 1102 1314 1151 est
1330 1102 1512 1172 prorogata.

357 1216 432 1277 ltem
458 1214 649 1276 Dominicus
681 1213 841 1296 peneatica
873 1214 973 1276 tercio
997 1234 1030 1275 se
1063 1226 1177 1276 octavo
1201 1213 1253 1276 die
1285 1233 1380 1296 super
1403 1234 1443 1276 eo
1466 1213 1513 1295 ju·

254 1315 341 1396 rabit,
363 1322 449 1403 quod
476 1322 543 1404 ipse
568 1320 668 1382 nichil
693 1340 799 1402 neque
823 1339 881 1382 sua
905 1340 986 1382 uxor
1008 1319 1047 1380 de
1070 1321 1207 1401 pecunia
1232 1320 1329 1382 Blasii
1352 1321 1511 1383 tributarii

254 1413 409 1490 haberent.

355 1535 430 1598 ltem
456 1534 610 1596 Nicolaus
634 1547 666 1596 et
689 1533 852 1596 lohannes
884 1532 1013 1616 pellifex
1039 1531 1154 1596 contra
1179 1533 1343 1595 Andream
1367 1545 1508 1596 sutorem

254 1632 353 1707 Primo
375 1640 461 1702 citati
484 1660 550 1702 non
575 1653 833 1722 comparuerunt.

352 1746 429 1808 ltem
463 1746 641 1827 Agustinus
672 1746 822 1808 sacerdos
857 1759 966 1808 contra
1000 1746 1129 1808 Petrum
1161 1745 1267 1828 primo
1302 1745 1415 1807 citatus
1446 1764 1511 1807 non
1566 1751 1571 1757 ’

252 1852 434 1929 comparuit.

352 1958 429 2020 ltem
453 1958 603 2019 Marenus
627 1969 737 2018 contra
761 1957 961 2019 Anthonium
980 1957 1085 2040 primo
1102 1957 1215 2020 citatus
1239 1977 1304 2020 non
1322 1959 1512 2040 comparuit.

356 2065 432 2127 ltem
457 2064 570 2126 Petrus
593 2062 680 2125 filius
703 2064 820 2146 Kopon
846 2065 945 2126 tercio
961 2084 994 2126 se
1018 2083 1055 2125 ac
1079 2062 1219 2126 famulus
1242 2064 1388 2126 similiter
1411 2042 1511 2127 teicio

252 2170 280 2213 *θ
302 2183 417 2233 octavo
443 2171 496 2232 die
520 2190 615 2253 super
639 2190 678 2232 eo
702 2170 869 2252 jurabunt,
901 2170 990 2252 quod
1015 2171 1073 2252 ipsi
1106 2171 1261 2252 quasdam
1285 2171 1365 2234 vites
1391 2172 1510 2234 Mathei

253 2275 310 2329 ⁰0¹1
342 2276 507 2340 iurassent.

359 2383 436 2446 ltem
462 2382 655 2445 Benedictus
680 2381 854 2463 Hungams
885 2398 1001 2445 octavo
1025 2383 1078 2445 die
1100 2384 1200 2446 tercio
1229 2403 1262 2445 ae
1286 2404 1381 2465 super
1405 2403 1443 2445 eo
1468 2383 1515 2464 ju·

245 2474 342 2564 rabit,
365 2489 454 2571 quod
478 2489 546 2572 ipse
563 2488 719 2570 quasdam
737 2508 786 2549 res
809 2488 965 2550 Johannis
982 2510 1046 2551 non
1072 2490 1241 2572 recepisset
1258 2509 1363 2570 neque
1387 2489 1514 2571 aliquid

242 2587 269 2632 ‘¹
292 2584 387 2669 ipsis
411 2594 552 2657 haberet.

351 2701 429 2763 Item
454 2721 549 2763 causa
574 2701 790 2764 Malereuicha
821 2713 852 2761 et
883 2700 1038 2762 iohannis
1069 2701 1185 2763 literati
1219 2719 1321 2781 usque
1345 2714 1419 2763 octo
1444 2701 1512 2763 dies

230 2795 264 2847 ‘⁸¹
296 2819 500 2889 prorogata.

353 2913 429 2976 Item
455 2913 601 2975 Thomas
625 2913 842 2997 carpentarius
860 2932 961 2995 usque
985 2914 1165 2995 quindenas
1182 2932 1282 2975 unum
1308 2933 1441 2995 porcum
1459 2915 1512 2976 Jo-

217 2985 347 3079 hanni
370 3019 410 3082 de
437 3019 602 3082 Schitareu
627 3020 752 3082 solvere
777 3019 881 3082 debet.

444 3253 541 3328 Feria
570 3265 667 3329 sexta
695 3260 852 3347 proxima
878 3266 957 3347 post
984 3258 1183 3329 dominicam
1213 3256 1316 3330 Oculi.

787 3407 831 3489 (ό.
856 3411 975 3487 martir).

353 3549 428 3612 ltem
455 3548 614 3631 Georgius
637 3564 726 3612 sutor
751 3564 861 3612 contra
878 3551 1007 3612 Petrum
1032 3564 1148 3612 octavo
1172 3550 1224 3612 die
1249 3550 1468 3632 respondebit.

350 3655 425 3718 ltem
451 3655 553 3718 Malar
577 3670 687 3718 contra
712 3656 850 3718 eundem
869 3657 998 3718 Petrum
1022 3656 1164 3718 secundo
1197 3657 1311 3718 citatus
1335 3677 1400 3719 non
1422 3677 1510 3719 com-

209 3748 359 3822 illuit.

350 3865 425 3928 Item
451 3866 597 3929 Thomas
621 3881 730 3930 contra
755 3868 860 3930 Varad
886 3869 990 3950 primo
1021 3869 1135 3929 citatus
1158 3888 1223 3929 non
1249 3867 1438 3950 comparuit.

352 3971 429 4035 Item
455 3973 617 4035 lohannes
642 3974 760 4036 Donati
778 3989 889 4036 contra
914 3974 1065 4057 Gyanum
1084 3988 1199 4036 octavo
1224 3974 1275 4036 die
1293 3973 1511 4056 respondebit.

354 4078 430 4141 ltem
463 4099 557 4142 causa
582 4081 693 4143 lacobi
718 4080 864 4163 pellificis
889 4095 997 4143 contra
1030 4081 1196 4142 custodem
1222 4100 1322 4162 usque
1346 4093 1419 4142 octo
1444 4079 1512 4141 dies

213 4166 249 4214 ²⁸¹
293 4192 498 4267 prorogata.

352 4291 429 4354 ltem
443 4311 538 4354 causa
553 4292 662 4355 Bartol
672 4307 780 4354 contra
791 4292 985 4374 Gregorium
997 4312 1097 4373 usque
1109 4308 1181 4353 octo
1193 4291 1261 4352 dies
1272 4304 1317 4352 est
1326 4303 1511 4373 prorogata.
1585 4372 1590 4381 ¹

351 4396 427 4459 ltem
438 4398 582 4478 Dragech
594 4413 703 4461 contra
713 4399 843 4461 Petrum
853 4399 987 4481 longum
999 4399 1103 4481 primo
1117 4399 1230 4460 citatus
1243 4417 1307 4459 non
1318 4398 1509 4479 comparuit.

353 4502 430 4565 ltem
457 4504 624 4566 Lorandus
648 4519 757 4566 contra
775 4504 974 4587 Stephanum
992 4504 1169 4566 salivenam
1186 4504 1292 4586 primo
1316 4504 1429 4565 citatus
1446 4524 1511 4566 non

226 4593 436 4687 toulparuit.

351 4713 428 4777 ltem
450 4716 562 4779 Petrus
585 4716 725 4779 decanus
749 4730 858 4779 contra
884 4717 968 4778 lwan
994 4715 1236 4799 Chudauchych
1262 4716 1367 4799 primo
1397 4715 1511 4778 citatus

236 4808 303 4865 ‘¹⁰¹¹
342 4822 530 4904 comparuit.

1368 4931 1405 4993 19
