3404 5362
636 352 721 408 Anno
744 347 833 426 1576.
858 382 901 394 -
925 347 955 409 6.
972 351 1066 425 junii.

322 561 399 623 ltcm
424 581 518 623 causa
542 560 699 622 Anthonii
723 560 840 621 sutoris
864 574 895 622 et
912 560 1061 642 Chupine
1086 575 1132 622 est
1147 580 1205 644 per
1228 560 1364 645 Henryh
1390 560 1483 642 pelli·

213 665 305 729 ficem
331 667 370 728 ad
396 683 468 729 octo
493 666 562 729 dies
586 681 713 748 recepta
737 666 776 728 ad
800 685 923 748 pacem.

318 773 396 834 ltem
422 774 533 834 Marko
559 771 682 834 Gemez
714 786 824 834 contra
856 769 1034 852 Georgium
1067 770 1170 833 filium
1196 772 1353 833 Hermani
1377 770 1486 854 primo

212 879 326 941 citatus
350 898 415 940 non
444 877 636 959 comparuit.

318 984 396 1046 Item
422 981 604 1045 Marchicha
622 982 739 1043 mulier
762 1001 820 1063 per
843 1001 976 1043 uxorem
994 981 1143 1060 Zwechk‚
1168 982 1325 1044 Jalrouam
1343 994 1375 1043 et
1391 1001 1485 1043 suam

214 1105 348 1153 matrem
373 1089 531 1167 atestabit,
556 1088 644 1170 quod
669 1088 736 1169 ipsa
767 1106 860 1148 suum
894 1088 1069 1149 linteamen
1095 1088 1127 1148 iu
1160 1087 1258 1149 domo
1283 1087 1411 1150 Nicolai
1437 1088 1486 1149 in·

212 1197 365 1260 venisset.

321 1303 399 1364 ltem
423 1321 517 1363 causa
551 1300 648 1363 Marci
673 1313 704 1362 et
736 1299 911 1363 Alexandri
944 1313 991 1361 est
1021 1319 1077 1382 per
1107 1298 1228 1381 judices
1250 1299 1290 1361 ad
1316 1312 1391 1361 octo
1416 1299 1486 1362 dies

215 1408 254 1471 ad
280 1428 392 1492 pacem
418 1422 598 1489 prorogata.

319 1514 397 1575 ltem
422 1513 567 1574 Andreas
592 1513 631 1575 de
656 1511 733 1575 Gari
763 1525 872 1573 contra
907 1510 1084 1593 Georgium
1116 1512 1351 1595 carpentarium
1377 1511 1484 1594 primo

215 1620 330 1682 citatus
355 1639 420 1681 non
444 1620 633 1701 comparuit.

321 1726 398 1787 ltem
431 1745 524 1787 causa
556 1725 633 1787 luan
659 1738 690 1786 et
722 1723 875 1806 Gyurgek
909 1738 955 1785 est
982 1743 1039 1806 per
1071 1724 1272 1787 Anthonium
1296 1725 1410 1808 Renyz
1444 1726 1484 1787 ad

213 1848 286 1897 octo
310 1833 379 1894 dies
403 1846 528 1913 recepta
552 1830 591 1891 ad
617 1850 740 1912 pacem.

320 1940 397 2001 ltem
415 1938 568 1999 Nicolaus
592 1937 631 1999 de
649 1936 805 2019 Lypouch
823 1950 932 1999 contra
955 1936 1092 1998 Paulum
1111 1937 1221 2020 Kypar
1236 1937 1342 2020 primo
1368 1938 1484 2000 citatus

215 2067 280 2109 non
306 2044 494 2127 comparuit.

322 2151 399 2213 ltem
425 2172 519 2213 causa
544 2150 672 2212 Thorne
696 2148 848 2211 aurifabri
874 2161 904 2210 et
928 2148 1057 2211 Andree
1074 2162 1120 2212 est
1139 2168 1196 2231 per
1220 2148 1425 2211 Clementem
1444 2150 1484 2213 ad

214 2273 288 2321 octo
313 2259 381 2320 dies
406 2271 531 2340 recepta
557 2257 596 2319 ad
621 2275 742 2338 pacem.

320 2364 398 2426 ltem
424 2365 526 2425 Cursa
550 2363 790 2424 molendinator
814 2376 924 2423 contra
946 2360 1107 2423 Vidonem
1132 2361 1236 2443 primo
1268 2361 1384 2424 citatus
1417 2382 1483 2424 non

216 2472 406 2553 comparuit.

320 2577 397 2637 ltem
423 2596 515 2637 causa
535 2575 734 2656 Margarethe
751 2590 781 2637 et
806 2575 920 2637 Gracie
953 2588 998 2636 est
1022 2594 1078 2655 per
1096 2574 1257 2636 Thomam
1282 2573 1483 2657 freniparum

214 2682 254 2744 ad
279 2695 351 2743 octo
378 2681 445 2741 dies
469 2696 595 2763 recepta
620 2681 659 2741 ad
685 2702 808 2763 pacem.

321 2788 397 2848 ltem
424 2787 499 2849 Sara
525 2801 635 2849 contra
660 2789 879 2850 Alexandrum
905 2788 1047 2850 secundo
1072 2788 1185 2848 citatus
1203 2805 1267 2848 non
1289 2787 1484 2869 comparuit.

320 2895 398 2956 ltem
424 2894 560 2977 Mykech
585 2908 685 2956 sartor
709 2909 818 2956 contra
844 2895 1007 2957 Andream
1038 2906 1192 2955 sartorem
1216 2905 1330 2954 octavo
1354 2893 1410 2954 die
1435 2913 1485 2955 re·

215 3001 396 3087 spondebit.

320 3108 397 3169 ltem
429 3107 554 3190 Woryh
587 3107 704 3189 figulus
747 3121 856 3169 contra
890 3106 1089 3188 Stephanum
1125 3104 1229 3187 primo
1270 3103 1386 3166 citatus
1417 3125 1484 3168 non

216 3214 404 3295 comparuit.

320 3321 397 3381 ltem
422 3320 530 3382 Mathe
553 3335 642 3382 sutor
658 3333 768 3382 contra
786 3319 949 3381 Thomam
966 3317 1165 3401 lreniparum
1194 3317 1336 3380 secundo
1360 3318 1479 3381 citatus

216 3447 281 3488 non
306 3428 495 3509 comparuit.

320 3533 397 3594 ltem
406 3531 653 3595 Clemensfaber
662 3547 772 3595 contra
783 3531 1079 3593 Kaukamsecundo
1090 3530 1202 3592 citatus
1212 3549 1276 3592 non
1286 3531 1484 3612 comparuit.
1503 3610 1507 3616 ²

323 3639 399 3700 ltem
425 3638 608 3699 Anthonius
640 3638 768 3700 Thome
801 3639 833 3698 in
866 3636 1037 3719 quindenis
1071 3637 1149 3698 duas
1180 3655 1303 3698 marcas
1326 3649 1358 3697 et
1381 3634 1484 3715 judici

215 3745 355 3807 mediam
380 3744 516 3806 exolvet.

320 3852 399 3912 ltem
423 3871 503 3912 uxor
527 3850 700 3912 Alexandri
725 3865 838 3912 octavo
863 3849 914 3911 die
939 3869 972 3910 se
995 3848 1093 3910 tercia
1118 3847 1234 3929 jurabit
1257 3848 1290 3909 in
1315 3867 1366 3926 eo,
1392 3849 1484 3930 quod

216 3958 283 4040 ipsa
307 3957 475 4020 Elizabeth
498 3957 666 4018 mulierem
692 3955 883 4039 captivando
907 3975 973 4016 non
999 3954 1150 4017 duxisset.

321 4064 399 4127 ltem
425 4064 570 4126 Thomas
595 4078 709 4125 octavo
744 4063 796 4124 die
821 4083 853 4123 se
887 4077 992 4122 sextus
1021 4060 1138 4141 jurabit
1167 4061 1200 4120 in
1226 4079 1275 4138 eo,
1299 4059 1389 4140 quod
1416 4061 1485 4144 ipse

138 4241 150 4264 Ο
216 4170 378 4251 quendam
404 4171 519 4231 bovem
545 4170 700 4232 Iohannis
723 4170 823 4230 Vosas
848 4168 966 4229 furtive
991 4187 1057 4228 non
1082 4179 1283 4248 asportasset.

322 4276 400 4337 ltem
425 4276 615 4337 Valentinus
639 4289 753 4337 octavo
785 4275 836 4337 die
861 4296 893 4337 se
925 4274 1085 4335 secundus
1117 4272 1236 4354 jurabit
1259 4273 1291 4333 in
1316 4290 1367 4351 eo,
1392 4275 1485 4354 quod

216 4383 320 4465 ipsum
346 4382 459 4443 Marko
484 4381 707 4443 verberaverit.

323 4487 401 4549 ltem
424 4487 556 4548 domina
581 4488 690 4548 Eetres
713 4502 783 4569 post
812 4507 901 4549 suam
919 4487 1159 4548 resanacionem
1184 4498 1293 4547 contra
1318 4483 1486 4550 Thomam

217 4590 320 4653 filium
346 4593 472 4654 Nicolai
497 4591 650 4654 aurifabri
675 4608 805 4674 propter
837 4593 1000 4674 quandam
1031 4607 1147 4655 terram
1172 4592 1327 4654 arabilem
1351 4612 1488 4674 reapon-

217 4697 306 4761 debit
329 4699 381 4761 die
406 4713 530 4761 octavo.

322 4804 400 4867 ltem
416 4806 492 4868 luau
506 4803 591 4867 filius
604 4805 730 4867 Petreui
742 4818 789 4868 est
802 4807 967 4869 convictus
980 4807 1012 4869 in
1030 4807 1130 4868 tribus
1143 4807 1250 4888 pensis
1264 4804 1486 4870 denariorum.
