3404 5362
551 1320 701 1419 (Anno
731 1318 914 1410 Domini
942 1315 1299 1416 MCCCLXXXVI).

473 1662 1379 1756 &mmmmmmmwmmmstme

801 1823 868 1895 (30.
898 1819 1023 1893 martii).

393 1960 471 2021 ltem
505 1958 681 2040 Gregorius
713 1959 817 2021 Tadei
851 1972 960 2020 contra
989 1959 1133 2020 Marcum
1158 1953 1344 2038 Blauchych
1380 1954 1488 2037 primo
1512 1952 1550 2014 ci·

286 2079 370 2129 tatus
394 2085 459 2127 non
485 2066 674 2148 comparuit.

393 2172 471 2234 ltem
497 2192 591 2233 causa
617 2172 770 2255 Stephani
795 2172 953 2233 sellatoris
981 2185 1092 2234 contra
1125 2169 1305 2250 Georgium
1337 2183 1484 2230 sutorem
1516 2165 1553 2228 ad

286 2293 437 2341 octavum
463 2278 548 2339 diem
574 2278 613 2339 ad
638 2298 750 2360 pacem
776 2292 822 2339 est
845 2292 981 2361 recepta.

394 2385 471 2445 Item
482 2385 610 2445 Leukas
621 2399 730 2446 contra
741 2385 878 2446 Paulum
887 2398 1029 2446 sutorem
1040 2384 1145 2466 primo
1158 2383 1272 2445 citatus
1284 2401 1351 2444 non
1364 2380 1555 2464 comparuit.

393 2488 470 2551 ltem
504 2490 684 2572 Stephanus
724 2491 857 2552 clericus
893 2505 1005 2552 contra
1037 2487 1170 2572 Jursych
1203 2489 1309 2571 primo
1340 2487 1457 2550 citatus
1490 2507 1555 2549 non

288 2596 481 2677 comparuit.

393 2699 470 2761 Item
495 2701 582 2780 quod
609 2701 682 2780 quia
709 2702 876 2784 Philippus
910 2701 1054 2764 Gallicus
1085 2701 1188 2763 dictus
1213 2700 1293 2782 Pipo
1318 2712 1350 2761 et
1375 2699 1556 2780 Aguatiuus

287 2804 447 2866 lrtulantis
474 2805 654 2867 Johannem
686 2807 785 2869 Vasas
816 2807 919 2870 filium
936 2808 1035 2869 Marci
1062 2806 1199 2869 condam
1216 2805 1356 2887 judicem
1381 2805 1415 2866 iu
1448 2805 1556 2866 medio

286 2911 422 2973 civitatis
446 2912 528 2972 clara
554 2912 604 2973 die
622 2914 731 2975 multis
749 2935 786 2975 ex
811 2916 926 2976 nostris
950 2915 1075 2975 civibus
1090 2912 1275 2975 videntibus
1298 2924 1329 2973 et
1346 2912 1554 2973 cernentibus

287 3037 324 3078 ex
348 3019 544 3100 precogitata
572 3020 713 3080 rancoris
730 3021 889 3101 nequicia,
914 3040 990 3103 ymo
1015 3020 1159 3101 maligno
1176 3017 1297 3080 inducti
1314 3016 1440 3099 spiritu,
1458 3018 1556 3079 inter·

286 3120 430 3184 fecerunt
455 3139 486 3185 et
510 3146 546 3186 ex
565 3125 749 3187 huiusmodi
768 3125 995 3187 interseccione
1020 3127 1119 3187 iidem
1138 3125 1306 3207 Philippus
1325 3137 1357 3185 et
1376 3124 1555 3204 Agustinus

287 3226 417 3291 fuerunt
441 3231 620 3312 aprehensi,
645 3247 676 3293 et
700 3233 773 3294 ideo
791 3233 877 3312 juxta
901 3233 1136 3314 privilegiatam
1154 3231 1334 3293 libertatem
1358 3230 1500 3291 civitatis
1517 3229 1556 3290 de

286 3335 407 3397 eisdem
425 3337 577 3419 Philippo
595 3353 626 3399 et
650 3339 809 3418 Agustino
833 3339 992 3419 justiciam
1009 3338 1144 3400 fecimus
1165 3350 1262 3420 prout
1277 3336 1386 3398 decuit
1403 3350 1435 3398 et
1451 3335 1553 3400 licuit.

394 3444 471 3505 Item
496 3446 605 3505 Kusko
631 3458 739 3505 contra
764 3450 869 3506 Anam
893 3445 999 3527 primo
1024 3445 1137 3506 citatus
1161 3463 1227 3505 nou
1251 3443 1443 3524 comparuit.

395 3548 472 3611 ltem
500 3551 650 3610 Marenus
673 3570 729 3631 per
753 3550 954 3633 Mychaelem
986 3548 1166 3632 Ortolflych
1199 3563 1232 3611 et
1256 3547 1410 3631 Gyurgek
1443 3562 1557 3610 octavo

286 3654 338 3715 die
363 3653 425 3715 hoe
448 3656 605 3732 atestabit,
630 3656 717 3736 quod
743 3657 848 3737 ipsum
873 3656 1035 3716 Johannes
1060 3654 1210 3737 Grachyu
1234 3655 1456 3736 vituperasset.

394 3760 472 3821 ltem
491 3761 643 3821 Nicolaus
668 3776 777 3822 contra
801 3762 980 3823 Johannem
1006 3762 1110 3842 primo
1135 3761 1248 3822 citatus
1271 3779 1336 3822 non
1359 3761 1554 3842 comparuit.

394 3866 472 3928 Item
486 3867 625 3947 quadam
640 3867 732 3927 vinea
747 3887 809 3948 que
823 3869 906 3929 Petri
921 3866 1289 3946 prefuissetMagdalene
1303 3865 1557 3947 estadjudicata.

394 3971 470 4033 Item
504 3974 636 4033 Zakaria
670 3988 743 4033 octo
775 3972 844 4034 flor.
876 3975 944 4034 auri
977 3993 1079 4055 usque
1110 3973 1291 4054 quindenas
1321 3973 1444 4034 Jacobo
1472 3973 1553 4034 Bole

286 4097 345 4160 pro
369 4079 512 4159 quodam
539 4098 623 4159 equo
648 4080 771 4140 solvere
796 4080 925 4159 (debet).

312 4313 1531 4407 &mmmmfflmmmwmmmmmmwwmm

840 4469 884 4548 (8.
909 4473 1004 4545 nror‘r').

393 4613 469 4674 item
495 4634 588 4674 causa
614 4615 736 4676 Maroni
769 4635 825 4697 per
856 4627 952 4676 testes
984 4627 1093 4674 contra
1124 4611 1305 4673 Johannem
1340 4609 1492 4695 Grachyu
1519 4613 1561 4674 ad

286 4732 435 4780 octavum
461 4720 546 4781 diem
571 4721 610 4780 ad
636 4741 748 4802 pacem
774 4736 819 4782 est
844 4733 979 4800 recepta.
