3404 5362
583 354 670 411 Anno
694 351 784 429 1376.
810 386 850 395 —
875 367 905 411 2.
930 354 1059 426 augusti.

304 564 384 625 Item
408 585 501 626 causa
536 563 692 625 Anthonii
717 563 865 646 Zitarych
898 577 928 625 et
953 562 1101 645 Gregorii
1133 576 1179 625 est
1202 583 1259 646 per
1286 562 1468 647 Georgium

198 670 362 733 literatum
386 670 425 731 ad
450 684 524 731 octo
548 669 617 730 dies
639 684 765 751 recepta
790 669 831 730 ad
855 688 977 751 pacem.

305 775 382 837 Item
408 774 509 837 Cursa
526 775 767 837 molendinator
781 788 894 837 contra
909 775 1129 836 Alexandrum
1146 775 1251 856 prImo
1267 776 1384 839 citatus
1400 796 1467 839 non

199 883 390 964 comparuit.

305 989 382 1051 Item
407 1008 501 1050 causa
518 988 667 1069 Ztoyuuk
692 1001 723 1049 et
747 986 885 1069 PbiIIppi
907 986 964 1049 filii
994 987 1099 1048 Mauri
1125 998 1171 1048 est
1194 1000 1266 1068 post
1290 987 1469 1050 adventum

200 1096 299 1179 ipsius
324 1094 464 1177 Philippi
489 1094 529 1156 ad
552 1095 693 1176 prImum
718 1093 873 1173 judicium
897 1106 1078 1175 prorogata.
1146 1091 1148 1095 ’

305 1203 382 1264 Item
407 1220 502 1263 causa
519 1201 616 1279 Luce,
635 1200 804 1262 Laurencii
830 1214 861 1261 et
884 1199 1040 1261 Anthonii
1057 1199 1234 1280 juratorum
1251 1219 1325 1262 cum
1342 1201 1470 1265 Mathia

198 1321 305 1370 sutore
329 1321 375 1368 est
396 1326 452 1388 per
476 1306 742 1368 communitatem
766 1306 806 1368 ad
831 1304 1010 1387 quindenas
1034 1319 1216 1385 prorogata.

304 1413 382 1474 Item
406 1412 564 1474 Martinus
595 1411 702 1493 ergavi
736 1424 846 1473 contra
877 1411 1058 1472 Johannem
1086 1410 1228 1473 secundo
1253 1411 1368 1475 citatus
1400 1432 1467 1475 non

198 1519 388 1602 comparuit.

304 1627 381 1688 Item
406 1645 500 1687 causa
524 1625 601 1686 Iuan
627 1637 658 1685 et
682 1622 893 1685 Maleieuiche
910 1637 957 1685 est
974 1643 1030 1705 per
1046 1624 1189 1685 lwanum
1214 1622 1308 1686 Iolao
1331 1624 1373 1685 ad
1391 1639 1467 1688 octo

198 1732 267 1795 dies
290 1745 417 1814 recepta
440 1732 481 1792 ad
502 1750 626 1813 pacem.

304 1839 381 1900 Item
407 1837 569 1899 Iohannes
592 1837 735 1899 literatus
766 1855 823 1917 per
854 1837 1089 1897 mercenarium
1114 1836 1270 1898 Iohannis
1294 1835 1410 1899 decani
1436 1852 1468 1901 et

197 1945 300 2007 lilium
324 1943 456 2005 Henrici
476 1956 590 2005 octavo
615 1942 667 2002 die
691 1941 837 2003 atestabit
858 1961 1021 2024 supereo,
1045 1942 1133 2023 quod
1159 1943 1263 2024 ipsum
1281 1942 1467 2025 Stephanus

196 2051 345 2114 sacerdos
369 2049 408 2110 de
433 2048 646 2110 Hrastouicba
670 2048 836 2108 verberare
861 2047 1024 2110 voluisset.

302 2157 379 2217 Item
416 2155 547 2216 domina
586 2154 710 2234 Regina
746 2165 856 2214 contra
892 2152 1086 2235 Gregorium
1122 2155 1228 2236 primo
1263 2156 1358 2218 citata
1399 2178 1467 2220 non

199 2263 388 2345 comparuit.

303 2370 381 2432 Item
399 2367 542 2429 Francha
567 2381 681 2429 octavo
698 2367 750 2428 die
766 2365 835 2448 jura
863 2366 1030 2428 ostendere
1051 2365 1170 2449 (debet)
1194 2386 1289 2449 super
1317 2369 1462 2450 quadam

200 2476 302 2538 vinea.
688 2486 689 2490 ’

303 2580 385 2661 Item¹
406 2579 489 2640 Iwan
514 2579 651 2640 condam
676 2599 772 2661 preco
797 2592 906 2640 contra
931 2579 1068 2640 I’aulum
1092 2579 1202 2661 Kypar
1225 2579 1331 2661 primo
1348 2579 1466 2643 citatus

198 2705 263 2747 non
288 2687 475 2768 comparuit.

303 2792 381 2852 Item
399 2790 561 2852 Iohannes
578 2792 675 2851 Pazar
692 2803 801 2852 contra
819 2790 927 2852 Sibich
945 2791 1049 2872 primo
1063 2792 1176 2853 citatus
1189 2810 1254 2852 non
1270 2795 1464 2875 comparuit.

304 2899 381 2958 Item
406 2897 556 2977 Dragona
580 2910 689 2958 contra
715 2896 823 2958 Sibich
848 2912 961 2959 octavo
987 2897 1038 2958 die
1062 2897 1278 2980 respondebit.

304 3003 381 3064 Item
406 3002 515 3064 Sibicb
540 3016 648 3063 contra
675 3003 854 3066 Johannem
871 3017 1011 3065 sutorem
1035 3016 1149 3065 octavo
1174 3004 1224 3065 die
1241 3008 1463 3088 respondebit.

302 3109 379 3171 Item
406 3110 543 3170 lacobus
568 3122 677 3171 contra
702 3110 915 3171 Laurentium
940 3123 1054 3171 octavo
1071 3109 1123 3172 dle
1146 3131 1179 3171 se
1203 3113 1319 3175 tercius
1342 3113 1464 3196 jurabit

197 3234 291 3296 super
315 3234 365 3293 eo,
389 3215 478 3297 quod
503 3217 568 3297 ipse
594 3216 732 3276 eundem
757 3216 970 3277 Laurencium
995 3236 1060 3278 non
1084 3217 1311 3282 vulneraverit.

304 3319 381 3381 Item
407 3321 483 3382 Sara
516 3335 629 3383 octavo
662 3321 713 3382 die
745 3342 776 3382 se
809 3323 926 3382 tercius
950 3322 1066 3403 jurabit
1097 3338 1207 3386 contra
1238 3325 1462 3391 Alexandrum

197 3445 292 3508 super
316 3445 365 3504 eo,
390 3427 478 3507 quod
503 3427 568 3508 ipse
594 3427 812 3488 Alexandrum
837 3448 901 3488 non
920 3430 1145 3509 verberaverit,
1170 3444 1201 3491 et
1224 3445 1271 3492 est
1294 3433 1463 3497 convictus

198 3532 230 3592 ln
255 3532 365 3593 decem
395 3534 509 3594 marcis
541 3533 765 3608 denariorum;
798 3533 898 3615 ipsam
931 3549 1036 3596 autem
1069 3555 1197 3597 causam
1224 3537 1289 3619 ipse
1315 3538 1393 3602 Sara
1418 3542 1461 3603 ad

197 3637 346 3717 antiquos
370 3638 491 3718 judIces
514 3639 697 3720 appellavit.

301 3744 379 3805 Item
405 3745 515 3806 Petrus
539 3759 648 3807 contra
679 3746 872 3827 Dyonisium
903 3747 1028 3809 fabrum
1054 3764 1167 3812 octavo
1199 3751 1252 3814 dle
1276 3773 1309 3814 se
1341 3756 1461 3818 tercius

196 3847 312 3929 jurabit
335 3871 430 3933 super
453 3872 503 3929 eo,
525 3852 613 3932 quod
638 3852 704 3932 ipse
728 3873 818 3913 suam
843 3874 976 3915 uxorem
1001 3875 1065 3915 non
1090 3858 1313 3921 verberaverit.

301 3955 378 4016 Item
403 3957 554 4019 Clemens
578 3971 665 4019 actor
690 3959 825 4020 existens
845 3975 954 4023 contra
979 3961 1165 4045 Philippum
1182 3984 1247 4027 non
1265 3969 1459 4049 comparuit.

300 4061 377 4123 Item
403 4062 554 4125 Clemens
577 4078 685 4124 contra
703 4064 864 4126 Vidonem
887 4086 952 4127 non
978 4070 1157 4149 comparuit
1179 4084 1215 4133 ut
1238 4071 1413 4139 debuisset.

221 4277 327 4351 Actus
356 4285 573 4371 antiquorum
596 4284 748 4371 judicum
775 4287 918 4358 sabbato
948 4291 1100 4376 proximo
1129 4299 1206 4379 post
1233 4292 1356 4365 festum
1389 4297 1432 4367 ad

536 4407 670 4476 vincula
700 4410 809 4478 sancti
839 4409 931 4482 Petri
959 4413 1114 4500 apostoli.

716 4561 760 4635 (2.
788 4565 927 4640 auguste).

298 4697 406 4757 Primo
431 4696 590 4758 Jancbech
614 4698 774 4761 aurifaber
805 4702 922 4781 jurabit
953 4707 1195 4786 quintodecImo
1219 4709 1272 4769 die
1302 4709 1459 4777 videlicet

194 4797 272 4861 feria
296 4815 382 4862 sexta
407 4822 438 4862 se
463 4803 578 4865 tercius
594 4806 739 4887 personis
755 4807 815 4868 sibi
832 4810 991 4871 simiIibus
1015 4812 1046 4873 in
1065 4833 1114 4891 eo,
1139 4815 1227 4895 quod
1245 4815 1311 4896 ipse
1335 4817 1458 4881 inscIus
