3404 5362
214 335 276 417 238
618 335 705 392 Anno
725 330 816 411 1385.
844 367 888 377 -
911 329 962 394 16.
979 335 1072 409 junii,

319 546 399 609 Item
423 566 515 608 causa
541 544 675 607 Fabiani
700 558 809 606 contra
838 544 1018 606 Johannem
1042 544 1231 628 Bozoulych
1263 545 1305 607 ad
1329 559 1476 608 octavum

213 655 300 715 diem
326 653 365 715 ad
390 672 501 735 pacem
527 666 573 713 est
601 665 739 733 recepta.

320 760 396 821 Item
422 757 616 820 Benedictus
638 772 726 818 sutor
742 756 953 838 prescriptum
970 777 1066 819 suum
1082 756 1299 838 juramentum
1324 778 1400 820 cum
1417 758 1477 819 suia

214 865 470 947 conjuratoribus
494 882 662 946 supereo,
687 862 774 945 quod
800 864 867 945 ipse
892 863 924 924 in
942 863 1195 945 interempcione
1220 863 1392 925 cuiusdam
1408 883 1473 925 mu·

214 973 301 1035 lieris
323 973 480 1034 innocens
502 971 555 1049 sit,
579 968 764 1051 (deposuit).

320 1078 397 1139 Item
423 1097 516 1138 causa
550 1076 680 1139 domine
716 1077 793 1138 Ewe
827 1090 937 1138 contra
970 1076 1136 1139 domitiam
1168 1077 1313 1138 relictam
1337 1076 1419 1158 Elye
1450 1088 1479 1137 et

215 1182 367 1244 Cosmam
392 1183 431 1244 ad
457 1196 617 1244 octavum·
631 1183 717 1244 diem
743 1183 781 1244 ad
806 1202 920 1264 pacem
944 1196 991 1244 est
1015 1197 1150 1265 recepta.

319 1287 396 1351 ltem
422 1309 517 1350 causa
541 1289 667 1350 Nicolai
692 1289 807 1371 judicis
831 1304 940 1351 contra
960 1291 1128 1353 Marenum
1153 1289 1193 1351 ad
1218 1304 1371 1351 octavum
1395 1287 1478 1350 diem

214 1395 253 1457 ad
279 1414 390 1476 pacem
417 1409 463 1456 est
486 1409 621 1477 recepta.

320 1500 399 1562 ltem
424 1502 557 1563 domina
582 1502 709 1584 Iwanya
734 1515 849 1563 octavo
873 1501 925 1563 die
942 1522 999 1584 per
1023 1502 1109 1564 lwan
1133 1501 1272 1583 juratum
1292 1515 1323 1564 et
1340 1501 1479 1563 Mezeria

214 1609 275 1670 hoc
299 1608 456 1686 atestabit‚
489 1607 577 1690 quod
610 1609 670 1668 sibi
703 1607 849 1669 Thomas
880 1607 1020 1670 sedecim
1057 1608 1164 1690 pensis
1194 1608 1401 1669 denariorum
1426 1607 1478 1668 de·

216 1714 415 1776 mmmm.

319 1820 397 1882 ltem
419 1840 478 1902 pro
503 1820 573 1881 aliis
598 1817 687 1880 lactis
704 1819 847 1881 eiusdem
874 1819 1005 1881 domiue
1022 1818 1141 1903 (causa)
1166 1818 1205 1880 ad
1223 1833 1376 1880 octavum
1394 1818 1478 1880 diem

214 1942 260 1989 est
284 1941 465 2009 prorogata.

321 2033 399 2094 Item
425 2053 518 2094 causa
543 2032 628 2093 lwau
645 2032 738 2112 jurati
760 2046 870 2093 contra
888 2031 1070 2093 Dionisium
1094 2033 1134 2093 ad
1159 2046 1309 2094 octavum
1335 2031 1424 2093 dlem
1440 2030 1479 2092 ad

213 2158 326 2223 pacem
351 2153 397 2200 est
421 2152 556 2220 recepta.

319 2244 397 2305 ltem
423 2245 521 2306 Vorih
546 2258 576 2305 et
601 2243 765 2326 Myklinus
797 2244 922 2306 institor
953 2258 1062 2305 contra
1087 2245 1171 2305 Rees
1201 2257 1315 2305 octavo
1348 2242 1402 2305 die
1434 2262 1479 2304 re·

214 2350 430 2433 spondebunt.

320 2457 398 2518 Item
428 2457 542 2539 Jaklyn
574 2456 734 2538 gladiator
765 2471 875 2517 contra
909 2453 1062 2518 Mathiam
1093 2454 1306 2536 gladiatorem
1338 2454 1480 2517 secundo

214 2562 327 2623 citatus
352 2582 415 2622 non
441 2563 632 2645 comparuit.

320 2667 397 2727 Item
416 2667 573 2748 ScitarIgh
590 2683 700 2730 contra
717 2667 898 2729 iohannem
915 2667 1057 2729 secundo
1074 2668 1188 2730 citatus
1204 2686 1269 2729 non
1288 2669 1480 2750 comparuit.

320 2773 398 2834 Item
422 2773 557 2856 Mykech
583 2788 672 2835 sutor
687 2788 798 2836 contra
822 2774 978 2835 Jacobum
1004 2773 1083 2835 Bole
1108 2774 1250 2836 secundo
1274 2774 1391 2836 citatus
1415 2794 1480 2836 non

214 2880 402 2962 comparuit.

320 2985 397 3047 Item
430 2985 592 3048 Iohannes
623 2987 839 3070 carpentarius
871 3001 981 3049 contra
1012 2986 1152 3048 eundem
1185 2985 1342 3047 Jacobum
1374 2986 1480 3068 prImo

215 3091 328 3152 citatus
352 3111 417 3153 uon
442 3093 631 3174 comparuit.

320 3196 398 3259 Item
430 3199 555 3260 Blasius
580 3197 668 3260 labet
691 3214 801 3261 contra
827 3200 924 3261 Vasas
941 3199 1046 3281 primo
1071 3198 1185 3260 citatus
1201 3217 1267 3259 non
1287 3198 1478 3281 comparuit.

320 3305 397 3366 Item
414 3305 579 3385 Iurglinus
595 3305 724 3386 piliator
745 3319 854 3368 contra
874 3305 1088 3367 Laurencium
1105 3303 1248 3366 secundo
1273 3304 1389 3366 citatus
1415 3322 1478 3365 non

214 3411 403 3495 comparuit.

320 3517 398 3578 Item
424 3516 607 3579 Hermanus
631 3532 741 3579 contra
765 3518 979 3579 Laurencium
1004 3518 1146 3578 secundo
1163 3517 1277 3578 citatus
1302 3535 1368 3578 non
1393 3535 1478 3579 com·

216 3625 332 3707 paruit.

319 3728 397 3790 ltem
424 3727 600 3809 Gregorius
624 3728 708 3791 filius
732 3729 835 3790 Tadei
861 3742 972 3791 contra
1006 3730 1121 3790 Katam
1145 3729 1251 3810 primo
1276 3728 1391 3790 ciratus
1415 3748 1479 3790 non

214 3836 403 3918 comparuit.

318 3941 395 4002 Item
415 3942 540 4003 Malech
557 3955 670 4002 octavo
692 3942 743 4002 die
761 3961 817 4023 per
833 3941 1047 4024 chhycham
1065 3955 1095 4002 et
1112 3940 1263 4002 livaniam
1280 3942 1478 4022 penesticam

212 4047 273 4109 hoc
298 4048 454 4128 atestabit,
479 4048 567 4130 quod
604 4048 743 4129 quedam
772 4067 896 4129 zapona
929 4069 985 4109 sua
1010 4047 1095 4130 apud
1130 4047 1297 4109 dominam
1334 4048 1480 4111 relictam

213 4153 343 4214 Andree
368 4155 489 4215 existat.

318 4259 396 4321 Item
422 4258 598 4338 Gregorius
622 4273 730 4320 contra
749 4259 857 4322 Bartol
882 4261 986 4341 primo
1013 4260 1126 4322 citatus
1149 4280 1214 4322 non
1239 4263 1435 4342 comparuit.

320 4365 398 4426 Item
423 4365 569 4426 Thomas
587 4380 617 4426 et
633 4385 689 4426 sua
714 4366 829 4427 ancilla
847 4381 957 4427 contra
975 4366 1140 4428 dominam
1158 4380 1341 4429 consortem
1359 4368 1482 4432 Mathia

213 4469 317 4550 prImo
350 4471 434 4532 citati
460 4491 526 4532 non
552 4485 811 4552 comparuerunt.

320 4575 398 4638 Item
431 4576 584 4638 Clemens
618 4591 726 4639 contra
761 4578 900 4639 eundem
938 4579 1092 4640 Mathiam
1123 4580 1229 4662 primo
1268 4581 1384 4642 citatus
1416 4600 1482 4644 non

214 4684 404 4764 comparuit.

321 4790 396 4851 Item
424 4789 613 4851 Valentinus
637 4803 747 4852 contra
772 4790 904 4873 Jursych
931 4791 1035 4872 primo
1060 4792 1174 4854 citatus
1198 4812 1263 4854 non
1288 4795 1480 4876 comparuit.
