3398 5364
604 376 802 452 Ann01377.
826 408 869 418 —
892 391 923 453 4.
951 376 1110 437 decembris.
1434 398 1493 459 ¹09

333 585 412 648 Item
437 585 554 670 Gyuan
579 599 694 648 octavo
719 585 770 648 die
794 585 882 647 solus
900 585 1018 666 jurabit
1034 600 1143 648 contra
1170 587 1371 649 Anthonium
1389 588 1492 650 Reniz

230 711 322 775 super
346 711 396 770 eo,
421 693 509 773 quod
542 692 628 754 idern
662 691 845 754 Anthonius
875 692 936 753 sibi
968 705 1042 755 octo
1067 692 1136 754 flor.
1167 713 1226 774 pro
1258 693 1362 776 peplis
1383 694 1492 756 eundo

229 797 376 877 dedisset,
400 810 431 860 et
447 799 515 882 ipsa
538 799 632 881 pepla
657 799 689 859 in
714 818 774 882 vya
799 797 933 861 luissent
949 798 1120 877 derobata;
1145 800 1212 882 ipse
1236 814 1344 862 autem
1368 800 1491 862 Antho-

230 904 300 966 nius
324 905 427 987 ipsam
451 924 579 967 causam
603 904 645 966 ad
668 905 819 985 antiquos
842 903 964 985 judices
988 905 1172 987 appellavit.

332 1029 412 1091 Item
436 1030 594 1091 Martinus
617 1027 788 1111 Zequirich
811 1027 948 1091 Nicolao
972 1029 1054 1091 ruffo
1086 1029 1166 1092 duas
1189 1049 1312 1092 marcas
1335 1043 1366 1093 et
1390 1030 1488 1113 judici

227 1134 367 1197 mediam
392 1135 424 1197 in
448 1135 621 1217 quindenis
645 1135 809 1197 exsolvere
834 1135 939 1197 debet.

329 1259 407 1322 ltem
429 1260 580 1322 Marenus
603 1273 718 1321 octavo
742 1258 794 1320 die
811 1279 867 1341 per
885 1260 1060 1342 Symonem
1085 1261 1274 1323 sallivenam
1299 1276 1330 1324 et
1354 1282 1488 1324 uxorem

224 1365 319 1427 Blasii
334 1365 523 1449 Mykoulich
547 1365 781 1448 comprobabit,
799 1365 887 1446 quod
912 1366 1017 1447 ipsum
1035 1367 1187 1428 Nicolaus
1211 1369 1427 1450 carpentarius
1451 1369 1483 1430 in

224 1492 321 1534 manu
345 1471 561 1535 vulneraverit
584 1486 615 1533 et
639 1472 725 1533 lwan
750 1473 974 1536 verberaverit.

327 1577 408 1640 Item
432 1576 609 1661 Gregorius
626 1577 772 1639 Pundich
792 1592 901 1640 contra
920 1579 1090 1641 dominum
1116 1580 1278 1642 Donatum
1304 1592 1419 1643 octavo
1436 1580 1489 1643 die

223 1684 441 1768 respondebit.

264 1920 361 1994 Ferla
388 1930 486 1995 sexta
513 1927 668 2013 proxima
696 1932 774 1996 ante
801 1924 924 1996 festum
952 1924 1042 1995 beati
1072 1924 1200 1997 Nicolai
1229 1923 1445 1997 confessoris.

734 2097 777 2175 (4.
797 2093 973 2172 decembris).

327 2256 406 2318 ltem
431 2254 585 2339 Gyurgek
603 2269 712 2317 contra
730 2254 910 2316 Johannem
927 2253 1069 2316 secundo
1087 2254 1199 2316 citatus
1216 2274 1281 2316 non
1295 2255 1487 2337 comparuit.

326 2362 404 2423 ltem
430 2381 524 2424 causa
549 2361 683 2423 Janslini
707 2375 739 2422 et
763 2359 882 2423 Genini
914 2360 1007 2443 jurati
1032 2373 1079 2422 est
1104 2381 1158 2443 per
1184 2360 1320 2422 Mathias
1344 2362 1487 2444 orosnylr

222 2465 260 2528 ad
285 2481 359 2530 octo
383 2467 451 2530 dies
475 2481 602 2550 recepta
626 2467 665 2529 ad
690 2487 813 2550 pacem.

236 2557 245 2573 ’
326 2574 405 2636 ltem
429 2573 576 2636 Thomas
599 2587 709 2635 contra
734 2574 819 2656 Span
848 2573 953 2656 primo
978 2574 1092 2635 citatus
1116 2594 1181 2636 non
1207 2573 1397 2656 comparuit.

325 2699 405 2761 ltem
430 2719 523 2762 causa
549 2697 691 2761 Ladislai
715 2711 746 2759 et
766 2697 921 2760 lobannis
936 2698 1053 2761 literati
1079 2712 1126 2760 est
1149 2718 1204 2780 per
1222 2698 1393 2760 Nicolaum
1418 2701 1485 2760 An·

220 2803 283 2885 geli
307 2817 339 2866 et
362 2804 541 2867 Johannem
566 2804 726 2867 decanum
750 2804 790 2866 ad
815 2818 889 2866 octo
913 2803 981 2867 dies
1005 2818 1131 2887 recepta
1156 2806 1196 2866 ad
1221 2823 1344 2886 pacem.
1459 2851 1463 2858 .

326 2911 404 2973 ltem
433 2911 520 2973 lwan
552 2912 717 2974 Huzareni
749 2925 859 2974 contra
891 2911 1063 2974 Nicolaum
1094 2910 1197 2973 filium
1229 2910 1354 2973 Nicolai
1379 2911 1484 2994 primo

220 3018 333 3080 citatus
355 3038 422 3081 non
445 3019 636 3102 comparuit.

323 3126 402 3189 ltem
423 3146 517 3189 causa
542 3126 634 3188 Pauli
651 3125 810 3209 Chaplich
828 3138 859 3189 et
879 3125 1016 3209 Mykech
1033 3124 1091 3187 filii
1110 3124 1238 3187 Martini
1262 3137 1309 3186 est
1331 3143 1387 3206 per
1405 3123 1484 3186 Dra·

218 3232 369 3314 gozlaum
393 3232 433 3294 ad
458 3246 532 3295 octo
555 3233 624 3295 dies
648 3247 773 3318 recepta
797 3234 837 3296 ad
861 3253 983 3316 pacem.

324 3339 403 3402 Item
428 3337 589 3420 Georgius
612 3338 652 3401 de
676 3339 829 3401 Miculich
863 3354 973 3402 contra
997 3338 1140 3402 relictam
1173 3336 1343 3401 Gileuicbe
1367 3350 1484 3399 octavo

219 3446 269 3509 dle
293 3445 512 3530 respondebit.

322 3554 401 3616 ltem
432 3572 526 3615 causa
558 3550 691 3614 fratrum
723 3551 964 3614 Predicatorum
997 3566 1028 3614 et
1060 3551 1216 3613 Johannis
1248 3549 1412 3613 Chemerii
1437 3563 1485 3613 est

217 3680 272 3742 per
295 3659 418 3742 judices
441 3659 482 3722 ad
505 3671 579 3721 octo
604 3659 671 3720 dies
695 3671 877 3742 prorogata.
920 3659 927 3675 ’

320 3766 399 3829 Item
423 3765 587 3828 lanslinus
611 3778 642 3827 et
664 3764 810 3827 Francha
841 3784 970 3827 causam
1003 3766 1084 3827 inter
1110 3764 1231 3826 Lucam
1256 3779 1286 3826 et
1311 3764 1398 3846 Span
1422 3763 1479 3826 ha·

216 3873 327 3953 hiram,
349 3883 516 3954 tamquam
540 3885 636 3934 testes
659 3871 699 3934 ad
723 3885 796 3933 octo
821 3870 890 3933 dies
913 3884 1101 3955 receperunt
1125 3871 1165 3932 ad
1189 3890 1313 3953 pacem.

215 4102 389 4168 sacerdotis
412 4104 453 4166 de
470 4101 647 4186 Oporouch
672 4101 808 4164 literalia
831 4103 1043 4165 instrumenta
1060 4114 1175 4164 octavo
1200 4102 1263 4181 die,
1287 4102 1312 4163 si
1337 4122 1401 4184 qua
1426 4101 1480 4163 ha·

214 4211 330 4289 buerit,
354 4209 522 4293 producet.

320 4317 398 4380 ltem
422 4336 517 4379 causa
541 4315 720 4379 Clementis
748 4329 779 4377 et
796 4315 944 4399 Gregorii
963 4317 1107 4379 Pundich
1131 4329 1178 4377 est
1201 4335 1257 4398 per
1282 4314 1475 4398 Dyonisium

214 4436 244 4486 et
268 4422 443 4485 Martinam
469 4422 508 4485 ad
533 4436 606 4485 octo
630 4423 699 4485 dies
722 4436 848 4505 recepta
873 4423 913 4484 ad
938 4443 1060 4506 pacem.

319 4528 398 4591 ltem
422 4529 569 4591 Francha
592 4543 701 4591 contra
726 4529 897 4590 Nicolaum
915 4527 1023 4590 rusum
1048 4528 1125 4592 feria
1145 4529 1242 4591 tercia
1259 4526 1478 4610 respondebit.

320 4635 398 4697 ltem
422 4635 508 4698 lwan
526 4637 596 4698 Noz
621 4648 731 4697 contra
749 4632 943 4716 Gregorium
961 4636 1066 4717 primo
1083 4636 1197 4697 citatus
1213 4654 1278 4696 non
1289 4631 1479 4715 comparuit.

319 4741 397 4804 ltem
423 4743 598 4826 Dyonisius
621 4755 711 4803 sutor
735 4754 844 4803 contra
862 4739 1057 4823 Gregorium
1082 4762 1192 4803 voscar
1217 4755 1331 4803 octavo
1355 4741 1407 4801 die
1432 4758 1480 4801 re-

212 4847 396 4931 spondebit.
