3404 5362
387 313 406 373 6
789 310 875 367 Anno
897 318 984 384 1375.
1008 342 1052 352 -
1075 322 1105 368 2.
1130 309 1239 368 martii.

493 524 570 585 Item
595 520 746 583 Tomado
771 521 810 581 de
835 541 920 583 novo
945 521 1039 582 debet
1063 520 1159 579 citare
1184 518 1399 602 Matheylram.

492 630 571 691 Item
596 628 672 689 luan
697 628 814 709 Brayse
839 627 943 708 primo
968 625 1087 706 judicio
1112 624 1180 704 jura
1204 625 1351 687 ostendet
1375 626 1492 706 quibus
1516 629 1602 688 bona
1620 641 1650 688 et

385 737 604 821 possessiones
628 747 736 795 contra
762 732 965 795 Clementem
990 732 1148 792 retineret.

491 840 590 904 Nota!
616 840 704 922 quod
720 859 805 901 anno
823 838 946 899 domini
967 838 1113 920 superius
1128 851 1282 899 annotato
1299 836 1376 900 feria
1400 854 1485 900 sexta
1503 840 1649 920 proxima

385 962 458 1031 post
481 947 597 1009 festum
621 946 704 1009 beati
728 945 847 1007 Mathie
872 943 1021 1026 apostoli,
1045 963 1130 1004 nunc
1160 944 1304 1025 proxime
1328 946 1488 1026 preterita,
1517 945 1648 1025 quidam

386 1055 493 1116 Mathe
518 1053 558 1114 de
582 1051 774 1134 Kaproncha
799 1063 830 1112 et
853 1050 1015 1111 lohannes
1038 1051 1225 1112 mercenarii
1256 1051 1393 1111 condam
1419 1052 1509 1112 Marlr
1533 1052 1649 1113 stacio·

386 1160 466 1222 narii
490 1158 659 1242 dyabolica
683 1156 795 1218 fraude
821 1156 935 1218 imbuti
968 1155 1106 1217 eundem
1132 1157 1279 1217 Markum
1311 1156 1480 1218 dominum
1506 1158 1649 1239 ipsorum

385 1266 488 1328 noctis
512 1266 544 1326 in
568 1264 701 1326 silencio
726 1262 847 1325 crudeli
872 1275 903 1324 et
927 1261 987 1322 diri
1012 1282 1089 1323 nece
1114 1282 1186 1323 cum
1211 1261 1350 1343 quadam
1375 1263 1475 1325 securi
1498 1264 1530 1324 in
1556 1283 1650 1324 suum

384 1386 480 1453 caput
495 1370 657 1432 iniciendo
674 1367 903 1431 interfecissent
920 1369 951 1429 in
969 1388 1024 1429 sua
1039 1367 1148 1446 dom0,
1165 1367 1262 1452 (aul)a
1273 1389 1329 1430 seu
1346 1368 1519 1446 descensu;
1537 1390 1650 1451 quem·

384 1477 517 1560 quidem
541 1477 689 1538 Markum
713 1476 757 1537 sic
782 1473 983 1536 interfectum
1008 1474 1040 1535 in
1065 1474 1177 1535 eadem
1200 1474 1298 1535 domo
1323 1476 1381 1536 sub
1406 1475 1547 1556 quodam
1573 1474 1649 1537 feno

386 1585 606 1668 sepelivissent
637 1596 668 1644 et
693 1581 950 1657 abscondissent3
983 1582 1038 1662 qui
1071 1581 1200 1643 tandem
1232 1601 1269 1641 ex
1302 1581 1403 1642 relatu
1428 1582 1511 1642 Petri
1547 1581 1652 1643 fratris

386 1691 464 1753 dicti
488 1690 643 1752 Johannis
667 1687 727 1750 fuit
751 1688 782 1749 in
812 1688 881 1770 ipso
914 1686 989 1748 feno
1021 1689 1169 1749 inventus
1201 1701 1370 1768 aequatus,
1403 1686 1480 1748 feria
1505 1689 1651 1769 proxima

385 1811 458 1860 ante
483 1795 599 1858 festum
624 1795 707 1857 beati
726 1793 874 1875 Gregorii
893 1814 985 1875 pape,
1006 1794 1080 1875 quia
1105 1795 1170 1875 ipse
1189 1794 1300 1856 Petrus
1317 1793 1412 1855 frater
1435 1794 1534 1875 ipsius
1551 1795 1650 1855 male·

385 1903 514 1965 factoris
538 1903 704 1964 Marenum
731 1900 867 1962 condam
900 1899 1038 1980 juratum
1071 1900 1295 1981 interrogasset
1313 1899 1480 1978 sabbatho,
1504 1900 1651 1981 sequenti

385 2010 437 2071 die
461 2010 561 2092 ipsius
584 2007 833 2091 perpetracionis
857 2020 887 2067 et
912 2006 1072 2067 commissi
1097 2005 1274 2085 homicidii,
1295 2007 1327 2067 in
1352 2006 1414 2067 hiis
1438 2006 1559 2068 verbis:
1585 2006 1651 2066 Do-

385 2116 472 2177 mine
485 2112 613 2176 Mareu!
637 2114 736 2175 timeo
761 2112 838 2194 quid
856 2132 928 2194 ego,
949 2113 1024 2194 quia
1047 2110 1143 2173 frater
1160 2132 1251 2174 meus
1276 2112 1438 2174 lohannes
1455 2112 1542 2191 dicit,
1560 2112 1649 2193 quod

385 2224 476 2285 Marlc
511 2220 719 2283 stacionarius
757 2238 790 2280 se
821 2219 861 2280 ad
896 2218 1041 2300 gladium
1076 2238 1171 2280 suum
1203 2220 1369 2301 proprium
1401 2218 1519 2280 fixisset
1543 2234 1574 2279 et
1606 2220 1652 2281 sic

385 2341 530 2391 mortuus
554 2340 646 2404 esset,
671 2326 820 2387 Marenus
851 2325 1068 2408 respondisset
1099 2345 1136 2386 ex
1167 2326 1316 2388 adverso:
1342 2326 1388 2387 nil
1418 2326 1531 2387 timeas
1555 2325 1653 2387 frater

384 2435 428 2497 mi
453 2434 479 2496 si
502 2446 595 2496 tuum
619 2431 738 2494 factum
762 2451 828 2493 non
853 2431 1008 2493 inclusisti
1032 2432 1065 2492 in
1089 2451 1180 2493 suam
1206 2446 1352 2511 mortem,
1377 2432 1431 2494 sed
1456 2451 1569 2493 caveas
1592 2432 1650 2493 tibi

383 2542 410 2603 si
434 2539 559 2622 aliquid
583 2559 600 2601 a
624 2539 719 2600 fratre
743 2552 799 2600 tuo
823 2538 969 2600 lohaune
994 2537 1033 2599 de
1058 2539 1124 2599 suis
1151 2541 1247 2601 rebus
1269 2539 1406 2601 habuisti
1431 2540 1482 2601 vel
1506 2559 1652 2620 assump-

383 2647 470 2725 sisti;
495 2645 687 2729 quiquidem
712 2645 824 2706 Petrus
847 2645 981 2706 omnino
1014 2658 1044 2707 et
1075 2646 1215 2707 totaliter
1239 2647 1285 2707 nil
1317 2647 1434 2708 habere
1458 2667 1490 2707 se
1515 2646 1555 2708 de
1580 2667 1652 2728 pre·

383 2753 488 2816 missis
511 2752 703 2834 allegasset·
721 2750 787 2824 Qui
811 2750 942 2812 tandem
967 2751 1089 2830 Petrus,
1114 2765 1242 2814 mortuo
1274 2752 1360 2814 dicto
1385 2755 1475 2815 Marlr
1500 2767 1530 2816 et
1554 2753 1653 2815 inter·

384 2859 469 2923 fecto
493 2860 636 2938 invento,
663 2858 695 2919 in
721 2857 937 2940 captivitatem
969 2856 1145 2937 accidisset,
1169 2859 1225 2939 qui
1257 2858 1387 2920 tandem
1411 2860 1443 2921 in
1468 2860 1651 2941 captivitate

384 2966 520 3028 existens
541 2985 591 3027 res
607 2965 728 3026 ablatas
745 2983 819 3045 erga
843 2962 1023 3046 predictum
1049 2964 1138 3025 Mark
1163 2963 1365 3027 interfectum
1389 2966 1524 3027 omnino
1548 2981 1579 3028 et
1602 2980 1652 3029 to·

382 3073 489 3136 taliter
512 3073 703 3153 abnegasset
726 3083 757 3133 et
784 3070 965 3151 abnegavit.
997 3069 1082 3132 Cum
1106 3070 1237 3133 tandem
1268 3071 1330 3134 deo
1355 3072 1483 3134 volente
1515 3073 1651 3154 predicti

385 3179 494 3242 Mathe
528 3191 560 3240 et
595 3176 757 3240 lohannes
789 3177 889 3260 ipsius
922 3176 1008 3238 necis
1040 3190 1272 3259 perpetratores
1304 3179 1335 3239 in
1360 3179 1410 3239 via
1442 3179 1570 3262 publica
1595 3200 1652 3242 seu

383 3298 490 3365 strata,
515 3285 547 3346 in
572 3284 769 3347 vestimentis
793 3282 868 3345 dicti
895 3283 984 3344 Mark
1001 3281 1169 3362 interfecti,
1186 3303 1242 3365 per
1265 3285 1408 3347 nobilem
1433 3286 1537 3347 virum
1556 3287 1653 3349 Eme·

385 3392 488 3455 ticum
512 3391 552 3454 de
577 3390 708 3474 Byzagh
732 3389 845 3452 eadem
862 3389 914 3451 die
939 3388 1073 3452 fuissent
1089 3389 1284 3472 reprehensi,
1306 3392 1401 3473 capti,
1425 3392 1465 3453 ad
1490 3412 1549 3453 nos
1564 3392 1652 3455 ducti

385 3510 417 3560 et
441 3496 633 3580 mancipati;
657 3497 712 3577 qui
742 3494 873 3558 tandem
906 3510 1108 3560 asseruerunt
1138 3498 1247 3559 omnia
1279 3498 1385 3559 ablata
1417 3499 1517 3580 ipsius
1540 3501 1652 3583 Marcy

385 3603 541 3667 interfecti
564 3602 651 3686 apud
675 3603 806 3664 Petrum
830 3601 990 3685 prefatum
1011 3603 1159 3683 extitisse,
1192 3605 1383 3686 quiquidem
1408 3607 1519 3669 Petrus
1544 3607 1576 3667 in
1595 3627 1651 3669 ne·

383 3711 529 3773 moribus
552 3709 676 3792 sepulta
700 3709 833 3770 asseruit
856 3721 888 3770 et
907 3708 1006 3771 domo
1023 3730 1078 3771 seu
1103 3710 1234 3772 cellario
1252 3710 1393 3794 Gyenini
1417 3711 1474 3774 frlii
1501 3712 1651 3795 Mychae·

384 3816 435 3896 lis,
459 3836 522 3899 que
545 3815 668 3878 ibidem
691 3815 821 3877 inventa
854 3812 983 3877 fuerunt
1014 3815 1129 3878 eodem
1161 3816 1255 3879 Petro
1279 3831 1436 3900 presente.
1469 3818 1548 3881 Item
1572 3818 1652 3882 feria

386 3935 499 4004 quarta
515 3922 548 3983 in
572 3922 674 4006 capite
691 3921 802 4004 jejunii
820 3941 893 3983 cum
918 3922 977 4005 ipsi
998 3921 1220 3984 malefactores
1244 3923 1276 3984 in
1294 3925 1433 4004 equuleo
1458 3939 1563 3987 essent
1588 3940 1652 3987 tor·

386 4029 519 4091 mentati
544 4028 674 4091 racione
698 4028 774 4091 dicti
797 4027 964 4091 homicidii
989 4028 1088 4111 ipsius
1116 4029 1238 4109 Marcii,
1262 4031 1395 4092 asseruit
1418 4030 1525 4092 Mathe
1550 4046 1580 4093 et
1605 4048 1653 4095 est

387 4132 552 4198 confessus
575 4153 608 4196 se
632 4134 779 4197 docuisse
802 4148 834 4197 et
861 4132 1048 4196 informasse
1080 4132 1261 4198 lohannem
1292 4137 1471 4220 predictum
1496 4151 1531 4198 ut
1555 4138 1652 4202 inter-

387 4237 495 4303 ficeret
518 4240 667 4303 Maritum
690 4240 917 4302 stacionarium
946 4238 1121 4303 antefatum
1153 4261 1226 4304 cum
1251 4243 1390 4324 quadam
1412 4244 1524 4321 securi,
1549 4258 1581 4305 et
1603 4265 1652 4307 se·

386 4346 499 4429 quenti
522 4346 574 4409 die
597 4345 747 4408 videlicet
770 4347 902 4408 sabbato
938 4346 998 4430 ipsi
1023 4347 1130 4410 Mathe
1154 4362 1187 4424 et
1214 4348 1376 4411 lohannes
1399 4349 1519 4411 dictum
1545 4349 1652 4413 homi·

386 4451 507 4515 cidium
532 4452 627 4515 Petro
642 4452 788 4535 predicto
804 4466 1013 4534 enarrassent,
1029 4466 1060 4516 et
1080 4454 1124 4516 sic
1148 4454 1182 4515 in
1206 4455 1297 4538 equis
1313 4455 1413 4538 ipsius
1438 4455 1536 4517 Marci
1554 4477 1651 4540 vyam

388 4558 533 4642 ipsorum
557 4559 701 4642 equitare
717 4559 904 4640 voluissent,
921 4559 1090 4643 dictusque
1107 4560 1218 4622 Petrus
1231 4560 1361 4624 dixisset
1377 4561 1453 4644 ipsis
1477 4582 1542 4623 non
1560 4564 1651 4645 equi-

386 4676 454 4727 tare
478 4664 535 4726 sed
559 4664 704 4747 peditare
736 4678 860 4748 recepta
893 4664 1074 4751 exp(ensa);
1098 4686 1148 4730 res
1178 4679 1285 4729 autem
1316 4669 1438 4730 ablatas
1461 4690 1541 4750 quas
1564 4690 1650 4732 rece-

386 4770 476 4853 pistis
499 4782 572 4853 post
594 4791 652 4833 vos
682 4772 818 4855 portabo
850 4772 981 4854 quando
1009 4786 1133 4855 potero.
1165 4773 1244 4836 ltem
1269 4775 1401 4836 asseruit
1430 4775 1516 4837 idem
1541 4775 1650 4840 Mathe
