3404 5362
518 371 607 430 Anno
630 367 722 447 1378.
749 405 788 416 —
813 384 862 447 25.
887 374 967 433 rnaii.
1322 392 1377 454 131

219 579 296 642 ltem
323 599 417 642 causa
442 580 568 643 Nicolai
599 592 630 642 et
655 581 759 644 Blasie
791 582 936 645 mulieris
959 595 1006 646 est
1036 602 1093 666 per
1117 583 1253 646 luanum
1277 583 1403 646 Orus·

82 683 241 746 nichich
264 685 304 747 ad
329 701 403 748 octo
428 685 497 747 dies
520 698 646 767 recepta
670 685 712 748 ad
735 707 858 771 pacem.

218 791 295 854 ltem
321 792 473 855 Chuetlrk
496 806 608 856 contra
632 792 768 855 Elenam
790 794 895 876 primo
919 794 1034 857 citatus
1056 814 1122 857 non
1147 794 1338 876 comparuit.

218 898 297 960 Item
315 899 477 961 lanslinus
494 898 655 962 aurifaber
671 919 727 981 per
752 899 893 963 Brumen
911 915 942 963 et
959 899 1125 963 Geninum
1149 916 1259 964 contra
1284 902 1380 963 Nico-

76 1000 200 1066 laum
226 1003 425 1066 aurifabrum
449 1005 600 1067 atestabit
623 1004 676 1066 die
701 1019 832 1081 octav03
857 1007 916 1088 ipsi
940 1021 1049 1069 autem
1073 1021 1167 1068 testes
1190 1007 1293 1090 ipsam
1308 1028 1382 1070 cau·

75 1130 176 1172 sam
203 1110 245 1171 ad
269 1130 382 1192 pacem
407 1125 606 1195 receperunt.

217 1218 296 1279 ltem
315 1219 440 1279 Marsas
464 1232 573 1280 contra
597 1217 741 1280 iwanum
765 1218 872 1300 primo
895 1218 1009 1281 citatus
1032 1238 1098 1281 non
1123 1220 1313 1302 comparuit.

217 1325 298 1386 Item
323 1324 485 1406 Georgius
508 1338 610 1387 sartor
634 1339 743 1387 contra
775 1324 945 1387 dominum
970 1325 1115 1387 Francha
1139 1326 1245 1407 primo
1269 1325 1382 1388 citatus

79 1451 175 1493 non
201 1431 395 1513 comparuit.

219 1537 299 1599 ltem
323 1556 418 1599 causa
442 1537 597 1618 laquilini
629 1537 784 1619 ensiparis
815 1550 846 1598 et
870 1536 1025 1598 lobannis
1049 1536 1149 1599 Pazar
1179 1551 1226 1597 est
1248 1555 1305 1618 per
1328 1536 1381 1597 Fi·

85 1644 238 1727 lippum
263 1656 295 1704 et
318 1642 522 1705 Clementem
547 1643 588 1705 ad
612 1656 686 1705 octo
710 1643 779 1704 dies
803 1656 929 1723 recepta
953 1642 993 1703 ad
1018 1661 1141 1724 pacem.

217 1748 296 1811 item
321 1748 424 1810 Cursa
448 1748 688 1810 molendinator
711 1762 825 1810 octavo
858 1747 910 1809 die
935 1766 991 1830 per
1016 1748 1191 1810 Martinam
1216 1760 1381 1830 carpenta-

85 1856 214 1935 rium,
248 1855 423 1917 Martinum
455 1854 573 1916 ruffum
605 1869 636 1916 et
667 1855 860 1937 Dyonisium
891 1855 1040 1917 atestabit
1076 1874 1172 1937 super
1204 1873 1260 1932 eo,
1292 1854 1381 1935 quod

89 1962 217 2045 ipsum
242 1961 403 2042 Georgius
425 1962 560 2042 mrpiter
584 1962 780 2023 verberasset
805 1972 837 2022 et
851 1979 945 2021 suum
971 1961 1139 2043 capucium
1157 1960 1380 2042 potencialiter

92 2068 292 2150 recepisset.

217 2173 294 2235 ltem
320 2173 477 2235 Martinus
500 2187 610 2235 contra
636 2173 835 2256 Stephanum
868 2172 997 2235 fratrem
1022 2171 1136 2252 iudicia
1162 2171 1305 2235 secundo
1337 2171 1380 2233 ci·

92 2292 193 2341 tatus
218 2298 284 2341 non
309 2278 499 2361 comparuit.

214 2385 295 2447 ltem
321 2386 519 2448 laurencius
543 2399 652 2448 contra
677 2386 840 2457 Andream
868 2384 1135 2467 stipendiatorem
1167 2384 1312 2447 secundo
1337 2384 1380 2445 ci·

95 2502 193 2553 tatus
219 2509 283 2552 non
309 2491 499 2573 comparuit.

218 2596 295 2658 ltem
322 2595 483 2678 Georgius
506 2612 616 2659 contra
647 2597 827 2659 Johannem
861 2612 975 2660 octavo
999 2597 1051 2658 die
1076 2615 1133 2679 per
1163 2614 1298 2659 uxorem
1323 2595 1379 2656 Ni·

104 2702 196 2765 colai
222 2700 279 2764 filii
305 2702 432 2764 Crisani
456 2717 487 2764 et
510 2706 639 2765 Annam
663 2704 811 2766 atestabit
827 2721 985 2786 supereo,
1010 2702 1098 2783 quod
1123 2703 1190 2785 ipse
1217 2701 1381 2764 lohannes

100 2808 171 2870 sibi
189 2807 278 2870 Lxx
302 2807 443 2870 denariis
465 2822 638 2871 teneretur.

215 2913 292 2976 ltem
310 2927 425 2976 octavo
442 2914 495 2977 die
511 2913 602 2977 Hans
625 2933 681 2997 per
697 2915 775 2976 luan
792 2928 823 2976 et
841 2915 1012 2977 Micusium
1039 2912 1232 2977 Crinchicha
1258 2914 1379 2976 dictum

97 3039 142 3082 ac
169 3018 372 3102 Scuryanech
397 3019 580 3102 (atestabit),
604 3020 693 3102 quod
718 3021 785 3104 ipse
809 3021 900 3083 Rade
925 3020 1088 3101 quandam
1113 3038 1298 3101 sumpmam
1323 3038 1378 3101 pe·

99 3116 204 3187 cunie
232 3127 403 3207 persolvet.

216 3230 294 3294 ltem
321 3232 471 3315 Mychael
488 3232 659 3316 Damyani‚
676 3233 820 3296 Francha
844 3248 876 3296 et
891 3234 1048 3296 Martinus
1065 3247 1175 3296 contra
1196 3231 1378 3314 Magicham

99 3337 280 3400 mulierem
307 3339 451 3402 secundo
472 3339 557 3402 citati
579 3358 644 3401 non
669 3354 929 3422 comparuerunt.

216 3443 293 3506 ltem
325 3464 421 3507 causa
453 3445 608 3508 lobannis
640 3446 757 3509 Lieber
786 3460 820 3508 et
852 3445 1028 3529 Mychaelis
1060 3446 1221 3529 Damyani
1252 3458 1300 3507 est
1324 3464 1380 3527 per

104 3550 301 3632 magistrum
333 3552 478 3614 Francha
503 3564 534 3614 et
565 3550 725 3614 lanchech
758 3550 956 3615 aurifabrum
984 3552 1024 3615 ad
1057 3567 1130 3615 octo
1160 3552 1229 3613 dies
1252 3568 1378 3637 recepta

99 3655 147 3717 ad
172 3674 296 3739 pacem.

213 3762 292 3829 ltem
317 3762 480 3827 lohannes
500 3763 621 3826 Lieber
652 3763 786 3835 domine
810 3764 932 3828 Dicaue
964 3764 997 3825 in
1022 3762 1194 3844 quindenis
1217 3784 1272 3827 sex
1296 3764 1377 3843 flor.,

107 3888 210 3931 unam
235 3887 375 3931 marcam
400 3884 432 3932 et
455 3870 484 3930 X
508 3869 658 3933 denarios
682 3871 845 3932 exsolvere
870 3870 975 3933 debet.

218 3975 296 4038 ltem
321 3974 477 4058 Orgouan
495 3990 603 4038 noster
623 3977 764 4039 concivis
781 3976 943 4039 Clementi
968 3975 1119 4039 Zirothke
1143 3995 1245 4058 usque
1263 3975 1378 4038 festum

112 4082 197 4145 beati
223 4081 379 4145 iohannis
403 4083 539 4164 baptiste
568 4102 654 4164 punc
684 4083 830 4165 proxime
854 4095 1037 4162 venturum,
1069 4096 1200 4165 propter
1223 4102 1280 4144 sua
1310 4081 1378 4144 vul·

110 4207 185 4250 nera
210 4202 274 4251 tres
297 4207 420 4250 marcas
444 4188 652 4251 denariorum
680 4189 844 4252 exsolvere
869 4189 964 4251 debet
988 4202 1019 4250 et
1042 4188 1170 4251 medico
1194 4189 1377 4251 satisfacere

112 4292 196 4374 juxta
216 4314 308 4356 suam
324 4294 569 4374 conscienciam,
587 4310 617 4356 et
641 4294 781 4376 judicem
806 4294 902 4357 debet
926 4295 1062 4377 placare,
1088 4294 1234 4375 alioquin
1252 4294 1378 4375 justicia

110 4400 261 4481 procedet
283 4399 463 4463 secundum
487 4401 753 4464 consvetudinem
777 4401 923 4463 civitatis.

214 4506 293 4569 ltem
318 4506 442 4590 Symon
466 4520 567 4569 sartor
599 4522 709 4570 contra
731 4507 905 4570 Nicolaum
930 4507 1144 4570 Zreberniclra
1177 4521 1292 4569 octavo
1325 4508 1377 4569 die

111 4631 163 4694 per
194 4631 330 4676 uxorem
362 4612 508 4696 Vydonis
538 4627 569 4675 et
600 4613 801 4697 Mychaelem
833 4626 987 4676 sartorem
1018 4614 1168 4677 atestabit
1199 4632 1295 4698 super
1327 4634 1377 4693 eo,

111 4720 197 4800 quod
221 4718 309 4781 idem
334 4719 488 4783 Nicolaus
511 4720 653 4800 quodam
686 4721 789 4783 noctis
821 4721 855 4782 in
878 4720 1012 4783 silencio
1044 4740 1117 4784 cum
1141 4741 1197 4783 sua
1225 4740 1323 4786 uxore
1347 4736 1378 4784 et

111 4822 172 4888 lilia
196 4844 293 4908 super
317 4824 421 4908 ipsum
447 4825 630 4902 irruissent3
654 4826 778 4889 ibidem
800 4827 949 4889 atestabit
972 4846 1029 4909 per
1062 4828 1274 4889 Laurencium
1301 4825 1378 4889 Gal·

1255 4920 1271 4953 s
