3404 5362
623 105 827 185 Ann01389.
853 143 893 152 -
918 105 949 170 ό.
973 112 1100 185 augusti.
1438 133 1498 194 305

336 320 416 383 {tem
440 320 594 383 Nicolaus
617 334 732 382 octavo
757 320 809 382 die
833 321 920 383 solus
941 321 1044 402 jurare
1070 321 1165 384 debet
1191 342 1287 405 super
1310 343 1360 401 eo,
1384 337 1419 385 ut
1443 324 1496 386 Jo-

234 425 353 489 hannes
377 426 506 506 villicus
528 426 588 488 sibi
613 440 741 490 tenetur
763 426 820 488 XII
845 428 952 510 pensis
969 428 1192 490 viennensium
1216 443 1247 490 et
1270 429 1382 491 decem
1407 430 1496 491 vien·

234 532 395 595 sensibus.

336 637 416 699 item
443 639 553 701 Marco
582 637 776 700 Gmizouich
800 651 914 701 octavo
947 640 999 703 die
1023 661 1117 723 super
1149 660 1187 703 eo
1211 640 1339 722 jurabit,
1363 657 1398 702 ut
1430 641 1496 723 ipse

232 746 367 807 Johanni
385 766 484 828 parvo
502 760 620 808 rectam
638 759 669 807 et
682 746 830 827 equalem
853 746 1057 808 medietatem
1075 747 1154 809 lucri
1171 748 1231 808 sibi
1249 748 1406 824 dedisset3
1423 748 1490 830 ipse

231 866 334 915 autem
353 852 516 915 Johannes
538 872 655 935 parvus
672 852 772 934 ipsam
794 872 921 914 causam
938 854 978 914 ad
996 854 1146 935 antiquos
1170 854 1290 933 judices
1307 854 1491 937 appellavit.

334 977 414 1039 Item
446 978 583 1039 lacobus
606 976 691 1039 filius
723 977 883 1060 Gyungek
916 990 1028 1040 octavo
1061 979 1112 1039 die
1143 978 1231 1041 solus
1262 998 1420 1061 supereo
1444 977 1492 1060 ju·

232 1084 329 1163 rabit,
361 1097 396 1145 ut
427 1085 496 1166 ipse
528 1084 680 1166 episcopo
713 1083 860 1145 Tiniensi
892 1084 924 1144 in
962 1084 1060 1146 domo
1089 1105 1145 1146 sua
1177 1104 1365 1166 permanere
1397 1084 1494 1165 gratis

232 1210 293 1252 non
319 1190 470 1252 dedisset.

331 1296 410 1358 item
428 1296 560 1357 Zakaria
578 1308 692 1358 octavo
716 1295 769 1358 die
792 1296 881 1358 solus
901 1295 1004 1377 jurare
1022 1298 1117 1359 debet
1141 1310 1295 1379 quantam
1318 1298 1491 1379 pecuniam

230 1421 321 1484 super
345 1401 482 1463 domum
506 1401 667 1484 Gyungek
689 1401 901 1484 expendisset.

332 1507 413 1569 Item
437 1507 556 1569 Paulus
579 1521 689 1570 contra
714 1508 878 1591 Voyschar
901 1509 1049 1570 terciario
1073 1510 1186 1571 citatus
1210 1505 1285 1572 non¹
1300 1511 1490 1593 comparuit.

335 1632 415 1694 Item
440 1633 552 1695 Petrus
581 1633 682 1694 decan
714 1647 824 1695 contra
849 1634 977 1695 Petrum
1011 1647 1125 1695 octavo
1149 1634 1201 1695 die
1233 1654 1330 1717 super
1353 1634 1494 1716 quadam

229 1739 365 1821 pecunia
399 1752 495 1802 testes
530 1740 707 1822 producere
743 1740 860 1818 debet,
895 1740 1061 1802 videlicet:
1103 1740 1296 1823 Gregorium
1337 1740 1492 1818 Pondich,

228 1844 401 1924 Thomam,
427 1845 617 1928 Georgium,
649 1846 833 1926 Miklinum‚
865 1846 1066 1908 Anthonium
1099 1847 1223 1908 Jursich
1256 1862 1287 1909 et
1312 1848 1490 1909 Marenum.

331 1971 410 2033 item
434 1970 553 2033 Paulus
576 1971 680 2053 pictor
703 1971 863 2051 terciari0‚
887 1991 997 2054 ymmo
1021 1991 1118 2052 quam
1142 1971 1262 2054 pluries
1284 1987 1394 2034 contra
1419 1971 1489 2033 Sta-

229 2075 399 2139 chuuarich
425 2097 490 2139 non
516 2077 706 2159 comparuit.

320 2296 417 2370 Feria
445 2305 545 2370 sexta
573 2301 728 2389 proxima
756 2306 833 2389 post
862 2298 985 2371 festum
1013 2300 1103 2370 beati
1132 2297 1271 2370 Osualdi
1301 2303 1402 2388 regis.

746 2469 793 2550 (6.
817 2473 960 2548 augusti).

329 2628 407 2690 item
433 2625 595 2690 Johannes
622 2628 766 2691 literatus
797 2644 907 2691 contra
933 2629 1118 2713 Gyaninum
1152 2629 1257 2711 primo
1285 2630 1400 2691 citatus
1425 2649 1491 2691 non

226 2734 414 2816 comparuit.

327 2840 406 2903 Item
430 2860 528 2923 quem
552 2840 768 2924 juramentum
790 2843 884 2903 Petro
908 2840 976 2903 filio
993 2841 1113 2923 ngen
1139 2842 1298 2922 vigesimo
1324 2841 1440 2922 quinto
1458 2862 1491 2903 se

222 2965 316 3029 super
347 2946 491 3028 quodam
524 2948 693 3010 latrocinio
725 2947 1025 3031 adjudicaveramus
1057 2946 1143 3008 idem
1178 2948 1290 3009 Petrus
1315 2968 1409 3009 suum
1435 2948 1490 3009 de-

223 3054 329 3135 posuit
353 3052 580 3136 juramentum‚
605 3055 679 3117 ideo
703 3075 762 3117 nos
793 3055 932 3117 eundem
958 3055 1099 3133 Petrum,
1120 3074 1247 3116 causam
1280 3055 1487 3137 superdicto

220 3157 386 3222 latrocinio
400 3179 497 3241 quam
514 3180 610 3244 super
622 3160 815 3242 jurament0,
828 3161 994 3222 reddimus
1007 3175 1038 3223 et
1051 3161 1272 3222 commisimus
1290 3162 1487 3243 expeditum.

323 3265 403 3328 Item
431 3267 556 3329 Blasius
580 3280 681 3329 sartor
705 3280 815 3329 contra
840 3267 1011 3329 Nicolaum
1035 3268 1141 3349 primo
1167 3267 1281 3329 citatus
1305 3287 1370 3328 non
1395 3287 1483 3328 com-

225 3374 340 3456 paruit.

323 3479 402 3542 item
425 3480 602 3562 Agustiuus
626 3479 774 3543 sacerdos
791 3494 901 3543 contra
928 3479 1137 3542 Benedictum
1155 3478 1347 3541 secundario
1372 3479 1486 3541 citatus

221 3604 281 3647 non
307 3587 498 3669 comparuit.

322 3710 400 3772 item
425 3710 623 3773 Laurencius
645 3723 734 3772 sutor
766 3722 877 3771 contra
908 3709 1064 3772 Jacobum
1088 3710 1192 3769 taskar
1223 3707 1413 3768 secundario
1438 3707 1481 3768 ci·

220 3827 298 3880 tatus
322 3837 388 3879 non
412 3816 603 3899 comparuit.

319 3924 399 3986 item
423 3924 535 3987 Petrus
558 3922 718 4005 gladiator
742 3936 852 3985 contra
878 3922 1040 3983 Thomam
1065 3919 1256 3982 secundario
1280 3919 1393 3980 citatus
1416 3938 1482 3980 non

223 4030 407 4113 comparuit.

319 4136 400 4198 Item
424 4134 611 4197 lwanchech
636 4149 745 4197 contra
771 4136 915 4196 Marcum
940 4147 1053 4197 octavo
1079 4134 1130 4195 die
1155 4130 1372 4214 respondebit.

322 4258 400 4322 Item
429 4280 524 4322 causa
549 4259 682 4342 Georgii
708 4259 976 4322 molendinatoris
999 4272 1108 4321 contra
1134 4259 1264 4320 Petrum
1284 4274 1384 4337 usque
1409 4267 1483 4316 octo

209 4357 284 4429 dies
308 4365 349 4427 ad
373 4385 485 4448 pacem
510 4380 555 4428 est
578 4380 714 4449 recepta.

322 4471 402 4535 Item
427 4472 580 4535 Nicolaus
604 4487 713 4536 contra
739 4473 899 4554 Reginam
933 4472 1037 4554 primo
1061 4471 1176 4533 citatus
1199 4490 1264 4532 non
1290 4468 1482 4550 comparuit.

318 4578 398 4643 item
409 4579 760 4642 Stachunarichcoutra
771 4578 1062 4641 Ciiussecundario
1078 4578 1192 4640 citatus
1209 4597 1273 4639 non
1291 4575 1481 4658 comparuit.

1334 4684 1375 4726 20
