<?xml version="1.0" encoding="UTF-8"?>
<!DOCTYPE html PUBLIC "-//W3C//DTD XHTML 1.0 Transitional//EN"
    "http://www.w3.org/TR/xhtml1/DTD/xhtml1-transitional.dtd">
<html xmlns="http://www.w3.org/1999/xhtml" xml:lang="en" lang="en">
 <head>
  <title>
</title>
<meta http-equiv="Content-Type" content="text/html;charset=utf-8" />
  <meta name='ocr-system' content='tesseract 3.04.00' />
  <meta name='ocr-capabilities' content='ocr_page ocr_carea ocr_par ocr_line ocrx_word'/>
</head>
<body>
  <div class='ocr_page' id='page_1' title='image "./monumentahistor04laszgoog/monumentahistor04laszgoog_0170.png"; bbox 0 0 3404 5362; ppageno 0'>
   <div class='ocr_carea' id='block_1_1' title="bbox 517 373 1378 452">
    <p class='ocr_par' dir='ltr' id='par_1_1' title="bbox 517 373 1378 452">
     <span class='ocr_line' id='line_1_1' title="bbox 517 373 1378 452; baseline 0.003 -18"><span class='ocrx_word' id='word_1_1' title='bbox 517 379 603 434; x_wconf 84' lang='lat' dir='ltr'><strong>Anno</strong></span> <span class='ocrx_word' id='word_1_2' title='bbox 627 373 718 452; x_wconf 78' lang='lat'><em>1378.</em></span> <span class='ocrx_word' id='word_1_3' title='bbox 744 410 784 420; x_wconf 94' lang='lat'>-</span> <span class='ocrx_word' id='word_1_4' title='bbox 807 389 839 450; x_wconf 82' lang='lat'><strong>9.</strong></span> <span class='ocrx_word' id='word_1_5' title='bbox 864 373 977 450; x_wconf 76' lang='lat' dir='ltr'><strong>aprila&#39;r.</strong></span> <span class='ocrx_word' id='word_1_6' title='bbox 1325 395 1378 438; x_wconf 90' lang='lat'><strong>121</strong></span> 
     </span>
    </p>
   </div>
   <div class='ocr_carea' id='block_1_2' title="bbox 124 586 1386 1200">
    <p class='ocr_par' dir='ltr' id='par_1_2' title="bbox 133 586 1382 775">
     <span class='ocr_line' id='line_1_2' title="bbox 223 586 1382 670; baseline 0.002 -23"><span class='ocrx_word' id='word_1_7' title='bbox 223 586 300 649; x_wconf 91' lang='lat' dir='ltr'><strong>ltem</strong></span> <span class='ocrx_word' id='word_1_8' title='bbox 325 606 421 649; x_wconf 88' lang='lat' dir='ltr'><strong>causa</strong></span> <span class='ocrx_word' id='word_1_9' title='bbox 452 587 564 649; x_wconf 89' lang='lat' dir='ltr'><strong>Jacobi</strong></span> <span class='ocrx_word' id='word_1_10' title='bbox 596 586 676 648; x_wconf 90' lang='lat' dir='ltr'><strong>Bole</strong></span> <span class='ocrx_word' id='word_1_11' title='bbox 708 600 739 649; x_wconf 92' lang='lat' dir='ltr'><strong>et</strong></span> <span class='ocrx_word' id='word_1_12' title='bbox 769 586 927 648; x_wconf 87' lang='lat' dir='ltr'><strong>Anthonii</strong></span> <span class='ocrx_word' id='word_1_13' title='bbox 959 587 1062 649; x_wconf 92' lang='lat' dir='ltr'><strong>Reniz</strong></span> <span class='ocrx_word' id='word_1_14' title='bbox 1097 602 1144 649; x_wconf 89' lang='lat' dir='ltr'><strong>est</strong></span> <span class='ocrx_word' id='word_1_15' title='bbox 1175 608 1231 670; x_wconf 90' lang='lat' dir='ltr'><strong>per</strong></span> <span class='ocrx_word' id='word_1_16' title='bbox 1264 590 1382 649; x_wconf 80' lang='lat' dir='ltr'><strong>Lucam</strong></span> 
     </span>
     <span class='ocr_line' id='line_1_3' title="bbox 133 690 1317 775; baseline 0.003 -22"><span class='ocrx_word' id='word_1_17' title='bbox 133 690 246 756; x_wconf 79' lang='lat' dir='ltr'><strong>Ronioli</strong></span> <span class='ocrx_word' id='word_1_18' title='bbox 271 708 303 756; x_wconf 95' lang='lat' dir='ltr'><strong>et</strong></span> <span class='ocrx_word' id='word_1_19' title='bbox 327 693 545 775; x_wconf 89' lang='lat' dir='ltr'><strong>Dragozlaum</strong></span> <span class='ocrx_word' id='word_1_20' title='bbox 569 691 610 754; x_wconf 90' lang='lat' dir='ltr'><strong>ad</strong></span> <span class='ocrx_word' id='word_1_21' title='bbox 635 693 776 775; x_wconf 89' lang='lat' dir='ltr'><strong>primum</strong></span> <span class='ocrx_word' id='word_1_22' title='bbox 801 692 956 772; x_wconf 91' lang='lat' dir='ltr'><strong>judicium</strong></span> <span class='ocrx_word' id='word_1_23' title='bbox 980 708 1106 775; x_wconf 89' lang='lat' dir='ltr'><strong>recepta</strong></span> <span class='ocrx_word' id='word_1_24' title='bbox 1130 694 1170 755; x_wconf 90' lang='lat' dir='ltr'><strong>ad</strong></span> <span class='ocrx_word' id='word_1_25' title='bbox 1195 713 1317 775; x_wconf 90' lang='lat' dir='ltr'><strong>pacem.</strong></span> 
     </span>
    </p>

    <p class='ocr_par' dir='ltr' id='par_1_3' title="bbox 127 798 1384 988">
     <span class='ocr_line' id='line_1_4' title="bbox 225 798 1384 880; baseline -0.003 -18"><span class='ocrx_word' id='word_1_26' title='bbox 225 800 304 862; x_wconf 87' lang='lat' dir='ltr'><strong>Item</strong></span> <span class='ocrx_word' id='word_1_27' title='bbox 328 819 424 862; x_wconf 86' lang='lat' dir='ltr'><strong>causa</strong></span> <span class='ocrx_word' id='word_1_28' title='bbox 447 799 604 861; x_wconf 88' lang='lat' dir='ltr'><strong>Iohannis</strong></span> <span class='ocrx_word' id='word_1_29' title='bbox 637 813 668 861; x_wconf 93' lang='lat' dir='ltr'><strong>et</strong></span> <span class='ocrx_word' id='word_1_30' title='bbox 699 798 881 860; x_wconf 90' lang='lat' dir='ltr'><strong>Marchiche</strong></span> <span class='ocrx_word' id='word_1_31' title='bbox 914 813 960 861; x_wconf 91' lang='lat' dir='ltr'><strong>est</strong></span> <span class='ocrx_word' id='word_1_32' title='bbox 991 819 1048 880; x_wconf 90' lang='lat' dir='ltr'><strong>per</strong></span> <span class='ocrx_word' id='word_1_33' title='bbox 1072 800 1148 862; x_wconf 90' lang='lat' dir='ltr'><strong>Iuan</strong></span> <span class='ocrx_word' id='word_1_34' title='bbox 1180 799 1320 862; x_wconf 89' lang='lat' dir='ltr'><strong>Plauech</strong></span> <span class='ocrx_word' id='word_1_35' title='bbox 1344 799 1384 861; x_wconf 96' lang='lat' dir='ltr'><strong>ad</strong></span> 
     </span>
     <span class='ocr_line' id='line_1_5' title="bbox 127 905 803 988; baseline 0 -20"><span class='ocrx_word' id='word_1_36' title='bbox 127 907 258 988; x_wconf 93' lang='lat' dir='ltr'><strong>primum</strong></span> <span class='ocrx_word' id='word_1_37' title='bbox 282 906 440 987; x_wconf 87' lang='lat' dir='ltr'><strong>judicium</strong></span> <span class='ocrx_word' id='word_1_38' title='bbox 464 917 591 988; x_wconf 90' lang='lat' dir='ltr'><strong>recepta</strong></span> <span class='ocrx_word' id='word_1_39' title='bbox 615 905 655 965; x_wconf 92' lang='lat' dir='ltr'><strong>ad</strong></span> <span class='ocrx_word' id='word_1_40' title='bbox 680 924 803 986; x_wconf 84' lang='lat' dir='ltr'>pacem.</span> 
     </span>
    </p>

    <p class='ocr_par' dir='ltr' id='par_1_4' title="bbox 124 1011 1386 1200">
     <span class='ocr_line' id='line_1_6' title="bbox 223 1011 1386 1074; baseline -0.002 0"><span class='ocrx_word' id='word_1_41' title='bbox 223 1013 302 1074; x_wconf 89' lang='lat' dir='ltr'><strong>Item</strong></span> <span class='ocrx_word' id='word_1_42' title='bbox 321 1011 441 1074; x_wconf 82' lang='lat' dir='ltr'>Mathia</span> <span class='ocrx_word' id='word_1_43' title='bbox 465 1011 620 1073; x_wconf 84' lang='lat' dir='ltr'><strong>sallivena</strong></span> <span class='ocrx_word' id='word_1_44' title='bbox 653 1011 830 1072; x_wconf 91' lang='lat' dir='ltr'><strong>secundum</strong></span> <span class='ocrx_word' id='word_1_45' title='bbox 863 1011 1092 1073; x_wconf 89' lang='lat' dir='ltr'><strong>atestacionem</strong></span> <span class='ocrx_word' id='word_1_46' title='bbox 1124 1012 1254 1074; x_wconf 89' lang='lat' dir='ltr'><strong>testium</strong></span> <span class='ocrx_word' id='word_1_47' title='bbox 1276 1025 1386 1073; x_wconf 90' lang='lat' dir='ltr'><strong>contra</strong></span> 
     </span>
     <span class='ocr_line' id='line_1_7' title="bbox 124 1117 1057 1200; baseline -0.001 -20"><span class='ocrx_word' id='word_1_48' title='bbox 124 1117 314 1200; x_wconf 89' lang='lat' dir='ltr'><strong>Gregorium</strong></span> <span class='ocrx_word' id='word_1_49' title='bbox 338 1137 450 1179; x_wconf 87' lang='lat' dir='ltr'><strong>voscar</strong></span> <span class='ocrx_word' id='word_1_50' title='bbox 473 1132 520 1179; x_wconf 84' lang='lat' dir='ltr'><strong>est</strong></span> <span class='ocrx_word' id='word_1_51' title='bbox 544 1117 711 1179; x_wconf 85' lang='lat' dir='ltr'><strong>convictus</strong></span> <span class='ocrx_word' id='word_1_52' title='bbox 734 1117 766 1178; x_wconf 94' lang='lat' dir='ltr'><strong>in</strong></span> <span class='ocrx_word' id='word_1_53' title='bbox 792 1136 858 1178; x_wconf 93' lang='lat' dir='ltr'><strong>uno</strong></span> <span class='ocrx_word' id='word_1_54' title='bbox 883 1117 952 1180; x_wconf 90' lang='lat' dir='ltr'><strong>flor.</strong></span> <span class='ocrx_word' id='word_1_55' title='bbox 978 1118 1057 1180; x_wconf 90' lang='lat' dir='ltr'><strong>auri.</strong></span> 
     </span>
    </p>
   </div>
   <div class='ocr_carea' id='block_1_3' title="bbox 120 1239 1386 1644">
    <p class='ocr_par' dir='ltr' id='par_1_5' title="bbox 120 1239 1386 1535">
     <span class='ocr_line' id='line_1_8' title="bbox 224 1239 1385 1324; baseline 0 -22"><span class='ocrx_word' id='word_1_56' title='bbox 224 1239 305 1302; x_wconf 91' lang='lat' dir='ltr'><strong>Item</strong></span> <span class='ocrx_word' id='word_1_57' title='bbox 329 1240 493 1324; x_wconf 89' lang='lat' dir='ltr'><strong>predictus</strong></span> <span class='ocrx_word' id='word_1_58' title='bbox 510 1241 588 1301; x_wconf 89' lang='lat' dir='ltr'><strong>Iuan</strong></span> <span class='ocrx_word' id='word_1_59' title='bbox 614 1240 779 1302; x_wconf 86' lang='lat' dir='ltr'><strong>Korosech</strong></span> <span class='ocrx_word' id='word_1_60' title='bbox 796 1241 939 1319; x_wconf 87' lang='lat' dir='ltr'><strong>asseruit,</strong></span> <span class='ocrx_word' id='word_1_61' title='bbox 963 1241 1052 1322; x_wconf 90' lang='lat' dir='ltr'><strong>quod</strong></span> <span class='ocrx_word' id='word_1_62' title='bbox 1077 1241 1255 1323; x_wconf 91' lang='lat' dir='ltr'><strong>predictum</strong></span> <span class='ocrx_word' id='word_1_63' title='bbox 1273 1240 1385 1304; x_wconf 88' lang='lat' dir='ltr'><strong>fimum</strong></span> 
     </span>
     <span class='ocr_line' id='line_1_9' title="bbox 121 1345 1386 1429; baseline 0.004 -24"><span class='ocrx_word' id='word_1_64' title='bbox 121 1345 260 1425; x_wconf 83' lang='lat' dir='ltr'><strong>magistri</strong></span> <span class='ocrx_word' id='word_1_65' title='bbox 286 1346 378 1407; x_wconf 90' lang='lat' dir='ltr'><strong>Pauli</strong></span> <span class='ocrx_word' id='word_1_66' title='bbox 403 1346 470 1429; x_wconf 91' lang='lat' dir='ltr'><strong>ipse</strong></span> <span class='ocrx_word' id='word_1_67' title='bbox 495 1346 644 1429; x_wconf 86' lang='lat' dir='ltr'><strong>Mychael</strong></span> <span class='ocrx_word' id='word_1_68' title='bbox 669 1345 736 1408; x_wconf 87' lang='lat' dir='ltr'><strong>filio</strong></span> <span class='ocrx_word' id='word_1_69' title='bbox 761 1347 911 1408; x_wconf 90' lang='lat' dir='ltr'><strong>Damiani</strong></span> <span class='ocrx_word' id='word_1_70' title='bbox 929 1367 995 1408; x_wconf 93' lang='lat' dir='ltr'><strong>non</strong></span> <span class='ocrx_word' id='word_1_71' title='bbox 1020 1348 1169 1428; x_wconf 85' lang='lat' dir='ltr'>dedisset,</span> <span class='ocrx_word' id='word_1_72' title='bbox 1194 1362 1225 1411; x_wconf 92' lang='lat' dir='ltr'><strong>et</strong></span> <span class='ocrx_word' id='word_1_73' title='bbox 1240 1349 1386 1411; x_wconf 89' lang='lat' dir='ltr'><strong>similiter</strong></span> 
     </span>
     <span class='ocr_line' id='line_1_10' title="bbox 120 1452 602 1535; baseline 0.004 -23"><span class='ocrx_word' id='word_1_74' title='bbox 120 1452 253 1513; x_wconf 87' lang='lat' dir='ltr'><strong>asseruit</strong></span> <span class='ocrx_word' id='word_1_75' title='bbox 276 1452 408 1513; x_wconf 87' lang='lat' dir='ltr'><strong>Markus</strong></span> <span class='ocrx_word' id='word_1_76' title='bbox 431 1452 602 1535; x_wconf 90' lang='lat' dir='ltr'><strong>predictus.</strong></span> 
     </span>
    </p>

    <p class='ocr_par' dir='ltr' id='par_1_6' title="bbox 224 1558 1385 1644">
     <span class='ocr_line' id='line_1_11' title="bbox 224 1558 1385 1644; baseline 0.006 -26"><span class='ocrx_word' id='word_1_77' title='bbox 224 1558 303 1620; x_wconf 85' lang='lat' dir='ltr'><strong>Item</strong></span> <span class='ocrx_word' id='word_1_78' title='bbox 315 1558 478 1621; x_wconf 88' lang='lat' dir='ltr'><strong>Iohannes</strong></span> <span class='ocrx_word' id='word_1_79' title='bbox 488 1558 587 1620; x_wconf 87' lang='lat' dir='ltr'><strong>Pazar</strong></span> <span class='ocrx_word' id='word_1_80' title='bbox 597 1573 706 1620; x_wconf 90' lang='lat' dir='ltr'><strong>contra</strong></span> <span class='ocrx_word' id='word_1_81' title='bbox 721 1559 905 1640; x_wconf 90' lang='lat' dir='ltr'><strong>Dragonam</strong></span> <span class='ocrx_word' id='word_1_82' title='bbox 918 1561 1022 1642; x_wconf 89' lang='lat' dir='ltr'><strong>primo</strong></span> <span class='ocrx_word' id='word_1_83' title='bbox 1036 1561 1157 1640; x_wconf 90' lang='lat' dir='ltr'><strong>judicio</strong></span> <span class='ocrx_word' id='word_1_84' title='bbox 1170 1562 1385 1644; x_wconf 87' lang='lat' dir='ltr'><strong>respondebit.</strong></span> 
     </span>
    </p>
   </div>
   <div class='ocr_carea' id='block_1_4' title="bbox 121 1681 1386 1868">
    <p class='ocr_par' dir='ltr' id='par_1_7' title="bbox 121 1681 1386 1868">
     <span class='ocr_line' id='line_1_12' title="bbox 174 1681 1386 1767; baseline 0.003 -24"><span class='ocrx_word' id='word_1_85' title='bbox 174 1736 178 1743; x_wconf 91' lang='lat'><strong>.</strong></span> <span class='ocrx_word' id='word_1_86' title='bbox 224 1681 305 1744; x_wconf 90' lang='lat' dir='ltr'><strong>Item</strong></span> <span class='ocrx_word' id='word_1_87' title='bbox 329 1702 423 1743; x_wconf 88' lang='lat' dir='ltr'><strong>causa</strong></span> <span class='ocrx_word' id='word_1_88' title='bbox 448 1682 573 1743; x_wconf 88' lang='lat' dir='ltr'><strong>domini</strong></span> <span class='ocrx_word' id='word_1_89' title='bbox 591 1682 710 1744; x_wconf 90' lang='lat' dir='ltr'><strong>Prioris</strong></span> <span class='ocrx_word' id='word_1_90' title='bbox 726 1698 757 1744; x_wconf 92' lang='lat' dir='ltr'><strong>et</strong></span> <span class='ocrx_word' id='word_1_91' title='bbox 774 1684 921 1766; x_wconf 90' lang='lat' dir='ltr'><strong>Zitarych</strong></span> <span class='ocrx_word' id='word_1_92' title='bbox 946 1699 992 1745; x_wconf 88' lang='lat' dir='ltr'><strong>est</strong></span> <span class='ocrx_word' id='word_1_93' title='bbox 1016 1685 1055 1746; x_wconf 92' lang='lat' dir='ltr'><strong>ad</strong></span> <span class='ocrx_word' id='word_1_94' title='bbox 1073 1686 1212 1766; x_wconf 90' lang='lat' dir='ltr'><strong>primum</strong></span> <span class='ocrx_word' id='word_1_95' title='bbox 1230 1685 1386 1767; x_wconf 81' lang='lat' dir='ltr'><strong>judicium</strong></span> 
     </span>
     <span class='ocr_line' id='line_1_13' title="bbox 121 1800 299 1868; baseline 0.017 -22"><span class='ocrx_word' id='word_1_96' title='bbox 121 1800 299 1868; x_wconf 89' lang='lat' dir='ltr'><strong>prorogata.</strong></span> 
     </span>
    </p>
   </div>
   <div class='ocr_carea' id='block_1_5' title="bbox 125 1893 1389 2937">
    <p class='ocr_par' dir='ltr' id='par_1_8' title="bbox 225 1893 1272 1979">
     <span class='ocr_line' id='line_1_14' title="bbox 225 1893 1272 1979; baseline 0.005 -26"><span class='ocrx_word' id='word_1_97' title='bbox 225 1893 304 1955; x_wconf 89' lang='lat' dir='ltr'><strong>Item</strong></span> <span class='ocrx_word' id='word_1_98' title='bbox 329 1893 406 1954; x_wconf 90' lang='lat' dir='ltr'><strong>Iuan</strong></span> <span class='ocrx_word' id='word_1_99' title='bbox 431 1907 540 1955; x_wconf 90' lang='lat' dir='ltr'><strong>contra</strong></span> <span class='ocrx_word' id='word_1_100' title='bbox 565 1893 701 1954; x_wconf 91' lang='lat' dir='ltr'><strong>Iuanum</strong></span> <span class='ocrx_word' id='word_1_101' title='bbox 726 1895 831 1976; x_wconf 80' lang='lat' dir='ltr'><strong>prImo</strong></span> <span class='ocrx_word' id='word_1_102' title='bbox 855 1895 969 1957; x_wconf 89' lang='lat' dir='ltr'><strong>citatus</strong></span> <span class='ocrx_word' id='word_1_103' title='bbox 992 1916 1057 1957; x_wconf 92' lang='lat' dir='ltr'><strong>non</strong></span> <span class='ocrx_word' id='word_1_104' title='bbox 1083 1897 1272 1979; x_wconf 83' lang='lat' dir='ltr'><strong>comparuit.</strong></span> 
     </span>
    </p>

    <p class='ocr_par' dir='ltr' id='par_1_9' title="bbox 125 1999 1386 2186">
     <span class='ocr_line' id='line_1_15' title="bbox 225 1999 1386 2084; baseline 0.004 -24"><span class='ocrx_word' id='word_1_105' title='bbox 225 1999 304 2061; x_wconf 88' lang='lat' dir='ltr'><strong>Item</strong></span> <span class='ocrx_word' id='word_1_106' title='bbox 321 1999 498 2082; x_wconf 88' lang='lat' dir='ltr'><strong>Dyonisius</strong></span> <span class='ocrx_word' id='word_1_107' title='bbox 523 2014 634 2061; x_wconf 90' lang='lat' dir='ltr'><strong>contra</strong></span> <span class='ocrx_word' id='word_1_108' title='bbox 659 1999 895 2079; x_wconf 90' lang='lat' dir='ltr'><strong>Margaretham</strong></span> <span class='ocrx_word' id='word_1_109' title='bbox 926 2002 1032 2084; x_wconf 90' lang='lat' dir='ltr'><strong>primo</strong></span> <span class='ocrx_word' id='word_1_110' title='bbox 1064 2003 1178 2064; x_wconf 91' lang='lat' dir='ltr'><strong>citatus</strong></span> <span class='ocrx_word' id='word_1_111' title='bbox 1202 2023 1269 2065; x_wconf 93' lang='lat' dir='ltr'><strong>non</strong></span> <span class='ocrx_word' id='word_1_112' title='bbox 1300 2023 1386 2065; x_wconf 88' lang='lat' dir='ltr'><strong>com·</strong></span> 
     </span>
     <span class='ocr_line' id='line_1_16' title="bbox 125 2106 236 2186; baseline 0.018 -19"><span class='ocrx_word' id='word_1_113' title='bbox 125 2106 236 2186; x_wconf 89' lang='lat' dir='ltr'><strong>paruit.</strong></span> 
     </span>
    </p>

    <p class='ocr_par' dir='ltr' id='par_1_10' title="bbox 226 2212 1388 2297">
     <span class='ocr_line' id='line_1_17' title="bbox 226 2212 1388 2297; baseline 0.004 -24"><span class='ocrx_word' id='word_1_114' title='bbox 226 2212 305 2274; x_wconf 89' lang='lat' dir='ltr'><strong>Item</strong></span> <span class='ocrx_word' id='word_1_115' title='bbox 330 2212 450 2274; x_wconf 89' lang='lat' dir='ltr'><strong>Paulus</strong></span> <span class='ocrx_word' id='word_1_116' title='bbox 473 2212 580 2294; x_wconf 90' lang='lat' dir='ltr'><strong>Vragh</strong></span> <span class='ocrx_word' id='word_1_117' title='bbox 606 2228 715 2274; x_wconf 90' lang='lat' dir='ltr'><strong>contra</strong></span> <span class='ocrx_word' id='word_1_118' title='bbox 730 2213 841 2275; x_wconf 88' lang='lat' dir='ltr'><strong>Hrenk</strong></span> <span class='ocrx_word' id='word_1_119' title='bbox 858 2215 964 2296; x_wconf 91' lang='lat' dir='ltr'><strong>primo</strong></span> <span class='ocrx_word' id='word_1_120' title='bbox 985 2215 1099 2277; x_wconf 88' lang='lat' dir='ltr'><strong>citatus</strong></span> <span class='ocrx_word' id='word_1_121' title='bbox 1115 2235 1178 2277; x_wconf 94' lang='lat' dir='ltr'><strong>non</strong></span> <span class='ocrx_word' id='word_1_122' title='bbox 1198 2217 1388 2297; x_wconf 85' lang='lat' dir='ltr'><strong>comparuit.</strong></span> 
     </span>
    </p>

    <p class='ocr_par' dir='ltr' id='par_1_11' title="bbox 126 2319 1387 2510">
     <span class='ocr_line' id='line_1_18' title="bbox 226 2319 1387 2402; baseline 0.003 -21"><span class='ocrx_word' id='word_1_123' title='bbox 226 2320 305 2381; x_wconf 89' lang='lat' dir='ltr'><strong>Item</strong></span> <span class='ocrx_word' id='word_1_124' title='bbox 330 2340 423 2382; x_wconf 89' lang='lat' dir='ltr'><strong>causa</strong></span> <span class='ocrx_word' id='word_1_125' title='bbox 449 2319 582 2402; x_wconf 85' lang='lat' dir='ltr'><strong>Georgii</strong></span> <span class='ocrx_word' id='word_1_126' title='bbox 606 2320 735 2382; x_wconf 88' lang='lat' dir='ltr'><strong>sartoris</strong></span> <span class='ocrx_word' id='word_1_127' title='bbox 755 2333 786 2382; x_wconf 91' lang='lat' dir='ltr'><strong>et</strong></span> <span class='ocrx_word' id='word_1_128' title='bbox 804 2320 953 2402; x_wconf 83' lang='lat' dir='ltr'><strong>Gregorii</strong></span> <span class='ocrx_word' id='word_1_129' title='bbox 977 2337 1086 2383; x_wconf 92' lang='lat' dir='ltr'><strong>contra</strong></span> <span class='ocrx_word' id='word_1_130' title='bbox 1112 2323 1233 2384; x_wconf 86' lang='lat' dir='ltr'><strong>Lucam</strong></span> <span class='ocrx_word' id='word_1_131' title='bbox 1257 2323 1387 2385; x_wconf 92' lang='lat' dir='ltr'><strong>Bonioli</strong></span> 
     </span>
     <span class='ocr_line' id='line_1_19' title="bbox 126 2426 1274 2510; baseline 0.004 -25"><span class='ocrx_word' id='word_1_132' title='bbox 126 2441 168 2488; x_wconf 84' lang='lat' dir='ltr'><strong>est</strong></span> <span class='ocrx_word' id='word_1_133' title='bbox 191 2440 264 2508; x_wconf 91' lang='lat' dir='ltr'><strong>post</strong></span> <span class='ocrx_word' id='word_1_134' title='bbox 290 2426 410 2488; x_wconf 87' lang='lat' dir='ltr'><strong>Pascha</strong></span> <span class='ocrx_word' id='word_1_135' title='bbox 435 2427 475 2488; x_wconf 88' lang='lat' dir='ltr'><strong>ad</strong></span> <span class='ocrx_word' id='word_1_136' title='bbox 499 2427 640 2508; x_wconf 79' lang='lat' dir='ltr'><strong>prImum</strong></span> <span class='ocrx_word' id='word_1_137' title='bbox 665 2426 821 2505; x_wconf 89' lang='lat' dir='ltr'><strong>judicium</strong></span> <span class='ocrx_word' id='word_1_138' title='bbox 848 2447 905 2508; x_wconf 92' lang='lat' dir='ltr'><strong>per</strong></span> <span class='ocrx_word' id='word_1_139' title='bbox 928 2427 1069 2508; x_wconf 89' lang='lat' dir='ltr'><strong>judicem</strong></span> <span class='ocrx_word' id='word_1_140' title='bbox 1093 2442 1274 2510; x_wconf 90' lang='lat' dir='ltr'><strong>prorogata.</strong></span> 
     </span>
    </p>

    <p class='ocr_par' dir='ltr' id='par_1_12' title="bbox 128 2532 1387 2722">
     <span class='ocr_line' id='line_1_20' title="bbox 226 2532 1387 2616; baseline 0.003 -23"><span class='ocrx_word' id='word_1_141' title='bbox 226 2533 305 2594; x_wconf 87' lang='lat' dir='ltr'><strong>Item</strong></span> <span class='ocrx_word' id='word_1_142' title='bbox 330 2533 483 2594; x_wconf 82' lang='lat' dir='ltr'><strong>dominus</strong></span> <span class='ocrx_word' id='word_1_143' title='bbox 506 2532 654 2595; x_wconf 87' lang='lat' dir='ltr'><strong>Donatus</strong></span> <span class='ocrx_word' id='word_1_144' title='bbox 677 2547 788 2595; x_wconf 92' lang='lat' dir='ltr'><strong>contra</strong></span> <span class='ocrx_word' id='word_1_145' title='bbox 822 2532 1001 2614; x_wconf 89' lang='lat' dir='ltr'><strong>Georgium</strong></span> <span class='ocrx_word' id='word_1_146' title='bbox 1032 2548 1185 2596; x_wconf 88' lang='lat' dir='ltr'><strong>sartorem</strong></span> <span class='ocrx_word' id='word_1_147' title='bbox 1211 2536 1316 2616; x_wconf 93' lang='lat' dir='ltr'><strong>primo</strong></span> <span class='ocrx_word' id='word_1_148' title='bbox 1340 2534 1387 2616; x_wconf 91' lang='lat' dir='ltr'><strong>ju-</strong></span> 
     </span>
     <span class='ocr_line' id='line_1_21' title="bbox 128 2638 454 2722; baseline 0.012 -23"><span class='ocrx_word' id='word_1_149' title='bbox 128 2638 207 2700; x_wconf 89' lang='lat' dir='ltr'><strong>dicio</strong></span> <span class='ocrx_word' id='word_1_150' title='bbox 235 2640 454 2722; x_wconf 89' lang='lat' dir='ltr'><strong>respondebit.</strong></span> 
     </span>
    </p>

    <p class='ocr_par' dir='ltr' id='par_1_13' title="bbox 130 2746 1389 2937">
     <span class='ocr_line' id='line_1_22' title="bbox 227 2746 1389 2830; baseline 0.003 -23"><span class='ocrx_word' id='word_1_151' title='bbox 227 2747 306 2809; x_wconf 91' lang='lat' dir='ltr'><strong>Item</strong></span> <span class='ocrx_word' id='word_1_152' title='bbox 324 2767 418 2808; x_wconf 88' lang='lat' dir='ltr'><strong>causa</strong></span> <span class='ocrx_word' id='word_1_153' title='bbox 443 2746 585 2829; x_wconf 86' lang='lat' dir='ltr'><strong>Philippi</strong></span> <span class='ocrx_word' id='word_1_154' title='bbox 609 2762 641 2809; x_wconf 88' lang='lat' dir='ltr'><strong>et</strong></span> <span class='ocrx_word' id='word_1_155' title='bbox 665 2746 818 2830; x_wconf 87' lang='lat' dir='ltr'><strong>Stephani</strong></span> <span class='ocrx_word' id='word_1_156' title='bbox 844 2746 949 2810; x_wconf 91' lang='lat' dir='ltr'><strong>fratris</strong></span> <span class='ocrx_word' id='word_1_157' title='bbox 974 2748 1099 2810; x_wconf 89' lang='lat' dir='ltr'><strong>domini</strong></span> <span class='ocrx_word' id='word_1_158' title='bbox 1124 2748 1239 2830; x_wconf 87' lang='lat' dir='ltr'><strong>judIcis</strong></span> <span class='ocrx_word' id='word_1_159' title='bbox 1263 2763 1311 2810; x_wconf 89' lang='lat' dir='ltr'><strong>est</strong></span> <span class='ocrx_word' id='word_1_160' title='bbox 1333 2768 1389 2830; x_wconf 93' lang='lat' dir='ltr'><strong>per</strong></span> 
     </span>
     <span class='ocr_line' id='line_1_23' title="bbox 130 2853 1388 2937; baseline 0.002 -23"><span class='ocrx_word' id='word_1_161' title='bbox 130 2853 338 2915; x_wconf 81' lang='lat' dir='ltr'><strong>Laurentium</strong></span> <span class='ocrx_word' id='word_1_162' title='bbox 366 2867 397 2915; x_wconf 91' lang='lat' dir='ltr'><strong>et</strong></span> <span class='ocrx_word' id='word_1_163' title='bbox 413 2854 571 2915; x_wconf 89' lang='lat' dir='ltr'><strong>Iacobum</strong></span> <span class='ocrx_word' id='word_1_164' title='bbox 589 2853 668 2915; x_wconf 91' lang='lat' dir='ltr'><strong>Bole</strong></span> <span class='ocrx_word' id='word_1_165' title='bbox 683 2854 722 2914; x_wconf 91' lang='lat' dir='ltr'><strong>ad</strong></span> <span class='ocrx_word' id='word_1_166' title='bbox 739 2854 880 2935; x_wconf 92' lang='lat' dir='ltr'><strong>primum</strong></span> <span class='ocrx_word' id='word_1_167' title='bbox 893 2854 1050 2937; x_wconf 91' lang='lat' dir='ltr'><strong>judicium</strong></span> <span class='ocrx_word' id='word_1_168' title='bbox 1068 2869 1192 2937; x_wconf 90' lang='lat' dir='ltr'><strong>recepta</strong></span> <span class='ocrx_word' id='word_1_169' title='bbox 1209 2855 1249 2916; x_wconf 91' lang='lat' dir='ltr'><strong>ad</strong></span> <span class='ocrx_word' id='word_1_170' title='bbox 1266 2875 1388 2937; x_wconf 90' lang='lat' dir='ltr'><strong>pacem.</strong></span> 
     </span>
    </p>
   </div>
   <div class='ocr_carea' id='block_1_6' title="bbox 129 2976 1389 3359">
    <p class='ocr_par' dir='ltr' id='par_1_14' title="bbox 227 2976 1307 3065">
     <span class='ocr_line' id='line_1_24' title="bbox 227 2976 1307 3065; baseline 0.002 -26"><span class='ocrx_word' id='word_1_171' title='bbox 227 2977 307 3039; x_wconf 90' lang='lat' dir='ltr'><strong>Item</strong></span> <span class='ocrx_word' id='word_1_172' title='bbox 332 2977 480 3060; x_wconf 89' lang='lat' dir='ltr'><strong>Filippus</strong></span> <span class='ocrx_word' id='word_1_173' title='bbox 503 2991 615 3039; x_wconf 88' lang='lat' dir='ltr'><strong>contra</strong></span> <span class='ocrx_word' id='word_1_174' title='bbox 640 2976 792 3060; x_wconf 88' lang='lat' dir='ltr'><strong>Gyurgek</strong></span> <span class='ocrx_word' id='word_1_175' title='bbox 817 2979 922 3065; x_wconf 91' lang='lat' dir='ltr'><strong>primo</strong></span> <span class='ocrx_word' id='word_1_176' title='bbox 946 2977 1067 3057; x_wconf 85' lang='lat' dir='ltr'><strong>judicio</strong></span> <span class='ocrx_word' id='word_1_177' title='bbox 1092 2979 1307 3061; x_wconf 89' lang='lat' dir='ltr'><strong>respondebit.</strong></span> 
     </span>
    </p>

    <p class='ocr_par' dir='ltr' id='par_1_15' title="bbox 129 3082 1389 3359">
     <span class='ocr_line' id='line_1_25' title="bbox 229 3082 1388 3167; baseline 0 -21"><span class='ocrx_word' id='word_1_178' title='bbox 229 3084 309 3147; x_wconf 90' lang='lat' dir='ltr'><strong>Item</strong></span> <span class='ocrx_word' id='word_1_179' title='bbox 335 3085 422 3145; x_wconf 91' lang='lat' dir='ltr'><strong>Luca</strong></span> <span class='ocrx_word' id='word_1_180' title='bbox 439 3082 579 3146; x_wconf 82' lang='lat' dir='ltr'><strong>carnifex</strong></span> <span class='ocrx_word' id='word_1_181' title='bbox 602 3104 659 3166; x_wconf 90' lang='lat' dir='ltr'><strong>per</strong></span> <span class='ocrx_word' id='word_1_182' title='bbox 676 3084 853 3167; x_wconf 90' lang='lat' dir='ltr'><strong>Symonem</strong></span> <span class='ocrx_word' id='word_1_183' title='bbox 870 3084 1059 3146; x_wconf 90' lang='lat' dir='ltr'><strong>saIIivenam</strong></span> <span class='ocrx_word' id='word_1_184' title='bbox 1084 3099 1114 3146; x_wconf 89' lang='lat' dir='ltr'><strong>et</strong></span> <span class='ocrx_word' id='word_1_185' title='bbox 1131 3105 1222 3147; x_wconf 91' lang='lat' dir='ltr'><strong>suam</strong></span> <span class='ocrx_word' id='word_1_186' title='bbox 1246 3104 1388 3147; x_wconf 91' lang='lat' dir='ltr'><strong>sororem</strong></span> 
     </span>
     <span class='ocr_line' id='line_1_26' title="bbox 129 3187 1389 3273; baseline 0.002 -23"><span class='ocrx_word' id='word_1_187' title='bbox 129 3192 268 3254; x_wconf 83' lang='lat' dir='ltr'><strong>atestabit</strong></span> <span class='ocrx_word' id='word_1_188' title='bbox 295 3191 401 3272; x_wconf 91' lang='lat' dir='ltr'><strong>primo</strong></span> <span class='ocrx_word' id='word_1_189' title='bbox 425 3189 546 3272; x_wconf 91' lang='lat' dir='ltr'><strong>judicio</strong></span> <span class='ocrx_word' id='word_1_190' title='bbox 570 3204 642 3272; x_wconf 94' lang='lat' dir='ltr'><strong>post</strong></span> <span class='ocrx_word' id='word_1_191' title='bbox 666 3187 785 3251; x_wconf 86' lang='lat' dir='ltr'><strong>Pascha</strong></span> <span class='ocrx_word' id='word_1_192' title='bbox 810 3191 843 3252; x_wconf 92' lang='lat' dir='ltr'><strong>in</strong></span> <span class='ocrx_word' id='word_1_193' title='bbox 871 3210 921 3269; x_wconf 88' lang='lat' dir='ltr'><strong>eo,</strong></span> <span class='ocrx_word' id='word_1_194' title='bbox 959 3191 1047 3272; x_wconf 91' lang='lat' dir='ltr'><strong>quod</strong></span> <span class='ocrx_word' id='word_1_195' title='bbox 1071 3191 1237 3273; x_wconf 91' lang='lat' dir='ltr'><strong>quoddam</strong></span> <span class='ocrx_word' id='word_1_196' title='bbox 1261 3191 1389 3253; x_wconf 89' lang='lat' dir='ltr'><strong>milium</strong></span> 
     </span>
     <span class='ocr_line' id='line_1_27' title="bbox 129 3294 805 3359; baseline 0.006 -5"><span class='ocrx_word' id='word_1_197' title='bbox 129 3298 229 3359; x_wconf 86' lang='lat' dir='ltr'><strong>relicte</strong></span> <span class='ocrx_word' id='word_1_198' title='bbox 254 3297 398 3359; x_wconf 90' lang='lat' dir='ltr'><strong>Barberii</strong></span> <span class='ocrx_word' id='word_1_199' title='bbox 423 3294 534 3358; x_wconf 90' lang='lat' dir='ltr'><strong>fuisset</strong></span> <span class='ocrx_word' id='word_1_200' title='bbox 558 3309 589 3358; x_wconf 91' lang='lat' dir='ltr'><strong>et</strong></span> <span class='ocrx_word' id='word_1_201' title='bbox 613 3315 678 3357; x_wconf 95' lang='lat' dir='ltr'><strong>non</strong></span> <span class='ocrx_word' id='word_1_202' title='bbox 703 3297 805 3358; x_wconf 88' lang='lat' dir='ltr'><strong>Iuani.</strong></span> 
     </span>
    </p>
   </div>
   <div class='ocr_carea' id='block_1_7' title="bbox 127 3420 1392 4566">
    <p class='ocr_par' dir='ltr' id='par_1_16' title="bbox 129 3420 1390 3718">
     <span class='ocr_line' id='line_1_28' title="bbox 228 3420 1390 3503; baseline 0 -20"><span class='ocrx_word' id='word_1_203' title='bbox 228 3422 306 3483; x_wconf 89' lang='lat' dir='ltr'><strong>Item</strong></span> <span class='ocrx_word' id='word_1_204' title='bbox 331 3421 438 3483; x_wconf 87' lang='lat' dir='ltr'><strong>statim</strong></span> <span class='ocrx_word' id='word_1_205' title='bbox 461 3420 584 3502; x_wconf 81' lang='lat' dir='ltr'><strong>judices</strong></span> <span class='ocrx_word' id='word_1_206' title='bbox 608 3436 681 3503; x_wconf 90' lang='lat' dir='ltr'><strong>post</strong></span> <span class='ocrx_word' id='word_1_207' title='bbox 711 3421 883 3503; x_wconf 90' lang='lat' dir='ltr'><strong>prandium</strong></span> <span class='ocrx_word' id='word_1_208' title='bbox 913 3421 1006 3482; x_wconf 92' lang='lat' dir='ltr'><strong>ibunt</strong></span> <span class='ocrx_word' id='word_1_209' title='bbox 1030 3434 1060 3482; x_wconf 89' lang='lat' dir='ltr'><strong>et</strong></span> <span class='ocrx_word' id='word_1_210' title='bbox 1091 3421 1230 3501; x_wconf 87' lang='lat' dir='ltr'><strong>virgulta</strong></span> <span class='ocrx_word' id='word_1_211' title='bbox 1254 3441 1311 3483; x_wconf 90' lang='lat' dir='ltr'><strong>seu</strong></span> <span class='ocrx_word' id='word_1_212' title='bbox 1334 3441 1390 3484; x_wconf 91' lang='lat' dir='ltr'><strong>ne·</strong></span> 
     </span>
     <span class='ocr_line' id='line_1_29' title="bbox 129 3525 1389 3609; baseline -0.002 -19"><span class='ocrx_word' id='word_1_213' title='bbox 129 3547 212 3590; x_wconf 91' lang='lat' dir='ltr'><strong>mora</strong></span> <span class='ocrx_word' id='word_1_214' title='bbox 237 3528 320 3590; x_wconf 92' lang='lat' dir='ltr'><strong>inter</strong></span> <span class='ocrx_word' id='word_1_215' title='bbox 344 3528 532 3609; x_wconf 88' lang='lat' dir='ltr'><strong>magistrum</strong></span> <span class='ocrx_word' id='word_1_216' title='bbox 558 3526 695 3588; x_wconf 89' lang='lat' dir='ltr'><strong>Paulum</strong></span> <span class='ocrx_word' id='word_1_217' title='bbox 723 3528 885 3589; x_wconf 90' lang='lat' dir='ltr'><strong>notarium</strong></span> <span class='ocrx_word' id='word_1_218' title='bbox 919 3542 950 3588; x_wconf 89' lang='lat' dir='ltr'><strong>et</strong></span> <span class='ocrx_word' id='word_1_219' title='bbox 974 3526 1175 3608; x_wconf 90' lang='lat' dir='ltr'><strong>Mychaelem</strong></span> <span class='ocrx_word' id='word_1_220' title='bbox 1200 3525 1303 3589; x_wconf 89' lang='lat' dir='ltr'><strong>filium</strong></span> <span class='ocrx_word' id='word_1_221' title='bbox 1327 3527 1389 3588; x_wconf 90' lang='lat' dir='ltr'><strong>Da-</strong></span> 
     </span>
     <span class='ocr_line' id='line_1_30' title="bbox 129 3634 838 3718; baseline 0 -23"><span class='ocrx_word' id='word_1_222' title='bbox 129 3635 231 3718; x_wconf 85' lang='lat' dir='ltr'><strong>myani</strong></span> <span class='ocrx_word' id='word_1_223' title='bbox 256 3636 451 3717; x_wconf 85' lang='lat' dir='ltr'><strong>separabunt</strong></span> <span class='ocrx_word' id='word_1_224' title='bbox 474 3635 532 3695; x_wconf 91' lang='lat' dir='ltr'><strong>sub</strong></span> <span class='ocrx_word' id='word_1_225' title='bbox 558 3634 661 3694; x_wconf 85' lang='lat' dir='ltr'><strong>vincis</strong></span> <span class='ocrx_word' id='word_1_226' title='bbox 684 3634 838 3715; x_wconf 89' lang='lat' dir='ltr'><strong>ipsorum.</strong></span> 
     </span>
    </p>

    <p class='ocr_par' dir='ltr' id='par_1_17' title="bbox 128 3738 1390 3928">
     <span class='ocr_line' id='line_1_31' title="bbox 228 3738 1390 3823; baseline 0.001 -21"><span class='ocrx_word' id='word_1_227' title='bbox 228 3740 308 3803; x_wconf 91' lang='lat' dir='ltr'><strong>Item</strong></span> <span class='ocrx_word' id='word_1_228' title='bbox 334 3741 501 3802; x_wconf 88' lang='lat' dir='ltr'><strong>Emericus</strong></span> <span class='ocrx_word' id='word_1_229' title='bbox 533 3738 622 3800; x_wconf 91' lang='lat' dir='ltr'><strong>faber</strong></span> <span class='ocrx_word' id='word_1_230' title='bbox 654 3753 764 3802; x_wconf 87' lang='lat' dir='ltr'><strong>contra</strong></span> <span class='ocrx_word' id='word_1_231' title='bbox 796 3739 990 3823; x_wconf 90' lang='lat' dir='ltr'><strong>Dyonisium</strong></span> <span class='ocrx_word' id='word_1_232' title='bbox 1022 3739 1149 3800; x_wconf 81' lang='lat' dir='ltr'><strong>fabrum</strong></span> <span class='ocrx_word' id='word_1_233' title='bbox 1180 3742 1323 3803; x_wconf 91' lang='lat' dir='ltr'><strong>secundo</strong></span> <span class='ocrx_word' id='word_1_234' title='bbox 1347 3742 1390 3802; x_wconf 90' lang='lat' dir='ltr'><strong>ci·</strong></span> 
     </span>
     <span class='ocr_line' id='line_1_32' title="bbox 128 3847 512 3928; baseline 0.003 -21"><span class='ocrx_word' id='word_1_235' title='bbox 128 3858 205 3909; x_wconf 89' lang='lat' dir='ltr'><strong>tatus</strong></span> <span class='ocrx_word' id='word_1_236' title='bbox 229 3866 295 3908; x_wconf 90' lang='lat' dir='ltr'><strong>non</strong></span> <span class='ocrx_word' id='word_1_237' title='bbox 322 3847 512 3928; x_wconf 90' lang='lat' dir='ltr'><strong>comparuit.</strong></span> 
     </span>
    </p>

    <p class='ocr_par' dir='ltr' id='par_1_18' title="bbox 228 3952 1390 4033">
     <span class='ocr_line' id='line_1_33' title="bbox 228 3952 1390 4033; baseline 0 -19"><span class='ocrx_word' id='word_1_238' title='bbox 228 3954 307 4016; x_wconf 91' lang='lat' dir='ltr'><strong>Item</strong></span> <span class='ocrx_word' id='word_1_239' title='bbox 332 3952 438 4014; x_wconf 91' lang='lat' dir='ltr'><strong>Blasia</strong></span> <span class='ocrx_word' id='word_1_240' title='bbox 455 3952 571 4014; x_wconf 88' lang='lat' dir='ltr'><strong>mulier</strong></span> <span class='ocrx_word' id='word_1_241' title='bbox 594 3966 704 4013; x_wconf 89' lang='lat' dir='ltr'><strong>contra</strong></span> <span class='ocrx_word' id='word_1_242' title='bbox 721 3952 855 4013; x_wconf 92' lang='lat' dir='ltr'><strong>Iuanum</strong></span> <span class='ocrx_word' id='word_1_243' title='bbox 874 3952 979 4029; x_wconf 86' lang='lat' dir='ltr'><strong>primo</strong></span> <span class='ocrx_word' id='word_1_244' title='bbox 999 3953 1094 4014; x_wconf 90' lang='lat' dir='ltr'><strong>citata</strong></span> <span class='ocrx_word' id='word_1_245' title='bbox 1113 3972 1177 4014; x_wconf 94' lang='lat' dir='ltr'><strong>non</strong></span> <span class='ocrx_word' id='word_1_246' title='bbox 1201 3954 1390 4033; x_wconf 89' lang='lat' dir='ltr'><strong>comparuit.</strong></span> 
     </span>
    </p>

    <p class='ocr_par' dir='ltr' id='par_1_19' title="bbox 127 4056 1390 4248">
     <span class='ocr_line' id='line_1_34' title="bbox 230 4056 1390 4141; baseline 0 -22"><span class='ocrx_word' id='word_1_247' title='bbox 230 4059 309 4120; x_wconf 88' lang='lat' dir='ltr'><strong>Item</strong></span> <span class='ocrx_word' id='word_1_248' title='bbox 334 4058 528 4120; x_wconf 81' lang='lat' dir='ltr'><strong>BenedIctus</strong></span> <span class='ocrx_word' id='word_1_249' title='bbox 551 4056 691 4119; x_wconf 81' lang='lat' dir='ltr'><strong>carnifex</strong></span> <span class='ocrx_word' id='word_1_250' title='bbox 719 4072 828 4120; x_wconf 90' lang='lat' dir='ltr'><strong>contra</strong></span> <span class='ocrx_word' id='word_1_251' title='bbox 847 4058 1058 4120; x_wconf 89' lang='lat' dir='ltr'><strong>Benedictum</strong></span> <span class='ocrx_word' id='word_1_252' title='bbox 1075 4059 1180 4141; x_wconf 91' lang='lat' dir='ltr'><strong>primo</strong></span> <span class='ocrx_word' id='word_1_253' title='bbox 1205 4057 1326 4137; x_wconf 90' lang='lat' dir='ltr'><strong>judicio</strong></span> <span class='ocrx_word' id='word_1_254' title='bbox 1343 4078 1390 4119; x_wconf 89' lang='lat' dir='ltr'><strong>re·</strong></span> 
     </span>
     <span class='ocr_line' id='line_1_35' title="bbox 127 4166 306 4248; baseline 0.017 -24"><span class='ocrx_word' id='word_1_255' title='bbox 127 4166 306 4248; x_wconf 81' lang='lat' dir='ltr'><strong>spondebit.</strong></span> 
     </span>
    </p>

    <p class='ocr_par' dir='ltr' id='par_1_20' title="bbox 128 4270 1392 4566">
     <span class='ocr_line' id='line_1_36' title="bbox 228 4270 1391 4354; baseline 0 -22"><span class='ocrx_word' id='word_1_256' title='bbox 228 4270 308 4333; x_wconf 91' lang='lat' dir='ltr'><strong>Item</strong></span> <span class='ocrx_word' id='word_1_257' title='bbox 334 4270 406 4332; x_wconf 82' lang='lat' dir='ltr'><strong>Elia</strong></span> <span class='ocrx_word' id='word_1_258' title='bbox 421 4289 539 4353; x_wconf 87' lang='lat' dir='ltr'><strong>parvus</strong></span> <span class='ocrx_word' id='word_1_259' title='bbox 563 4284 674 4332; x_wconf 88' lang='lat' dir='ltr'><strong>contra</strong></span> <span class='ocrx_word' id='word_1_260' title='bbox 692 4270 886 4352; x_wconf 90' lang='lat' dir='ltr'><strong>Gregorium</strong></span> <span class='ocrx_word' id='word_1_261' title='bbox 906 4271 1011 4353; x_wconf 90' lang='lat' dir='ltr'><strong>primo</strong></span> <span class='ocrx_word' id='word_1_262' title='bbox 1028 4271 1149 4351; x_wconf 90' lang='lat' dir='ltr'><strong>judicio</strong></span> <span class='ocrx_word' id='word_1_263' title='bbox 1167 4292 1223 4354; x_wconf 90' lang='lat' dir='ltr'><strong>per</strong></span> <span class='ocrx_word' id='word_1_264' title='bbox 1241 4270 1391 4335; x_wconf 90' lang='lat' dir='ltr'><strong>Chuethk</strong></span> 
     </span>
     <span class='ocr_line' id='line_1_37' title="bbox 128 4377 1392 4460; baseline 0.001 -23"><span class='ocrx_word' id='word_1_265' title='bbox 128 4377 282 4440; x_wconf 90' lang='lat' dir='ltr'><strong>decanum</strong></span> <span class='ocrx_word' id='word_1_266' title='bbox 307 4390 339 4439; x_wconf 87' lang='lat' dir='ltr'><strong>et</strong></span> <span class='ocrx_word' id='word_1_267' title='bbox 362 4377 534 4438; x_wconf 90' lang='lat' dir='ltr'><strong>Nicolaum</strong></span> <span class='ocrx_word' id='word_1_268' title='bbox 550 4377 673 4439; x_wconf 92' lang='lat' dir='ltr'><strong>Odolas</strong></span> <span class='ocrx_word' id='word_1_269' title='bbox 697 4378 845 4439; x_wconf 88' lang='lat' dir='ltr'><strong>atestavit</strong></span> <span class='ocrx_word' id='word_1_270' title='bbox 861 4397 957 4459; x_wconf 89' lang='lat' dir='ltr'><strong>super</strong></span> <span class='ocrx_word' id='word_1_271' title='bbox 981 4397 1031 4457; x_wconf 84' lang='lat' dir='ltr'><strong>eo,</strong></span> <span class='ocrx_word' id='word_1_272' title='bbox 1056 4377 1144 4458; x_wconf 94' lang='lat' dir='ltr'><strong>quod</strong></span> <span class='ocrx_word' id='word_1_273' title='bbox 1163 4378 1268 4460; x_wconf 90' lang='lat' dir='ltr'><strong>ipsum</strong></span> <span class='ocrx_word' id='word_1_274' title='bbox 1287 4378 1392 4440; x_wconf 90' lang='lat' dir='ltr'><strong>verbis</strong></span> 
     </span>
     <span class='ocr_line' id='line_1_38' title="bbox 128 4484 1141 4566; baseline 0.002 -22"><span class='ocrx_word' id='word_1_275' title='bbox 128 4485 270 4566; x_wconf 85' lang='lat' dir='ltr'><strong>turpibus</strong></span> <span class='ocrx_word' id='word_1_276' title='bbox 296 4498 328 4545; x_wconf 91' lang='lat' dir='ltr'><strong>et</strong></span> <span class='ocrx_word' id='word_1_277' title='bbox 351 4484 557 4566; x_wconf 86' lang='lat' dir='ltr'><strong>vituperiosis</strong></span> <span class='ocrx_word' id='word_1_278' title='bbox 581 4484 737 4545; x_wconf 85' lang='lat' dir='ltr'><strong>affecisset</strong></span> <span class='ocrx_word' id='word_1_279' title='bbox 760 4498 791 4547; x_wconf 90' lang='lat' dir='ltr'><strong>et</strong></span> <span class='ocrx_word' id='word_1_280' title='bbox 815 4499 953 4546; x_wconf 86' lang='lat' dir='ltr'><strong>mactare</strong></span> <span class='ocrx_word' id='word_1_281' title='bbox 978 4485 1141 4546; x_wconf 89' lang='lat' dir='ltr'><strong>voluisset.</strong></span> 
     </span>
    </p>
   </div>
   <div class='ocr_carea' id='block_1_8' title="bbox 128 4607 1392 4902">
    <p class='ocr_par' dir='ltr' id='par_1_21' title="bbox 128 4607 1392 4902">
     <span class='ocr_line' id='line_1_39' title="bbox 228 4607 1391 4691; baseline 0.002 -23"><span class='ocrx_word' id='word_1_282' title='bbox 228 4607 311 4670; x_wconf 92' lang='lat' dir='ltr'><strong>Item</strong></span> <span class='ocrx_word' id='word_1_283' title='bbox 344 4627 438 4670; x_wconf 90' lang='lat' dir='ltr'><strong>causa</strong></span> <span class='ocrx_word' id='word_1_284' title='bbox 471 4608 542 4670; x_wconf 90' lang='lat' dir='ltr'><strong>Elie</strong></span> <span class='ocrx_word' id='word_1_285' title='bbox 573 4609 662 4689; x_wconf 90' lang='lat' dir='ltr'><strong>parvi</strong></span> <span class='ocrx_word' id='word_1_286' title='bbox 695 4621 726 4670; x_wconf 89' lang='lat' dir='ltr'><strong>et</strong></span> <span class='ocrx_word' id='word_1_287' title='bbox 758 4610 881 4670; x_wconf 88' lang='lat' dir='ltr'><strong>Mareas</strong></span> <span class='ocrx_word' id='word_1_288' title='bbox 913 4625 959 4670; x_wconf 89' lang='lat' dir='ltr'><strong>est</strong></span> <span class='ocrx_word' id='word_1_289' title='bbox 990 4609 1030 4669; x_wconf 89' lang='lat' dir='ltr'><strong>ad</strong></span> <span class='ocrx_word' id='word_1_290' title='bbox 1062 4609 1203 4691; x_wconf 89' lang='lat' dir='ltr'><strong>primum</strong></span> <span class='ocrx_word' id='word_1_291' title='bbox 1235 4607 1391 4689; x_wconf 85' lang='lat' dir='ltr'><strong>judicium</strong></span> 
     </span>
     <span class='ocr_line' id='line_1_40' title="bbox 128 4714 1392 4797; baseline 0.002 -23"><span class='ocrx_word' id='word_1_292' title='bbox 128 4727 306 4795; x_wconf 88' lang='lat' dir='ltr'><strong>prorogata,</strong></span> <span class='ocrx_word' id='word_1_293' title='bbox 339 4715 364 4776; x_wconf 86' lang='lat' dir='ltr'><strong>si</strong></span> <span class='ocrx_word' id='word_1_294' title='bbox 396 4714 506 4776; x_wconf 91' lang='lat' dir='ltr'><strong>medio</strong></span> <span class='ocrx_word' id='word_1_295' title='bbox 538 4729 682 4797; x_wconf 87' lang='lat' dir='ltr'><strong>tempore</strong></span> <span class='ocrx_word' id='word_1_296' title='bbox 715 4728 866 4797; x_wconf 91' lang='lat' dir='ltr'><strong>poterunt</strong></span> <span class='ocrx_word' id='word_1_297' title='bbox 898 4715 1104 4791; x_wconf 90' lang='lat' dir='ltr'><strong>concordare,</strong></span> <span class='ocrx_word' id='word_1_298' title='bbox 1141 4717 1223 4777; x_wconf 89' lang='lat' dir='ltr'><strong>bene</strong></span> <span class='ocrx_word' id='word_1_299' title='bbox 1248 4714 1392 4796; x_wconf 88' lang='lat' dir='ltr'><strong>quidem,</strong></span> 
     </span>
     <span class='ocr_line' id='line_1_41' title="bbox 128 4820 1209 4902; baseline 0.004 -23"><span class='ocrx_word' id='word_1_300' title='bbox 128 4820 268 4902; x_wconf 89' lang='lat' dir='ltr'><strong>alioquin</strong></span> <span class='ocrx_word' id='word_1_301' title='bbox 293 4820 381 4882; x_wconf 90' lang='lat' dir='ltr'><strong>idem</strong></span> <span class='ocrx_word' id='word_1_302' title='bbox 406 4820 477 4883; x_wconf 87' lang='lat' dir='ltr'><strong>Elia</strong></span> <span class='ocrx_word' id='word_1_303' title='bbox 500 4821 721 4882; x_wconf 85' lang='lat' dir='ltr'><strong>testimonium</strong></span> <span class='ocrx_word' id='word_1_304' title='bbox 745 4821 901 4902; x_wconf 93' lang='lat' dir='ltr'><strong>producet</strong></span> <span class='ocrx_word' id='word_1_305' title='bbox 923 4835 1033 4882; x_wconf 90' lang='lat' dir='ltr'><strong>contra</strong></span> <span class='ocrx_word' id='word_1_306' title='bbox 1059 4821 1209 4883; x_wconf 89' lang='lat' dir='ltr'><strong>eundem.</strong></span> 
     </span>
    </p>
   </div>
   <div class='ocr_carea' id='block_1_9' title="bbox 0 0 1714 5362">
    <p class='ocr_par' dir='ltr' id='par_1_22' title="bbox 0 0 1714 5362">
     <span class='ocr_line' id='line_1_42' title="bbox 0 0 1714 5362; baseline 0 0"><span class='ocrx_word' id='word_1_307' title='bbox 0 0 1714 5362; x_wconf 95' lang='lat' dir='ltr'><strong> </strong></span> 
     </span>
    </p>
   </div>
  </div>
 </body>
</html>
