3404 5362
497 579 967 706 ADDENDA.

63 944 264 1012 (Quamquam
278 963 365 998 annus
384 950 477 999 horum
491 951 693 1014 fragmentorum
711 949 837 1000 librorum
856 949 1009 998 citationum
1027 954 1053 998 et
1072 949 1258 998 sententiarum
1276 949 1359 999 desti·

115 1040 175 1088 nari
195 1053 248 1087 non
269 1044 363 1103 potest,
388 1046 474 1088 tamen
493 1056 524 1088 ea
547 1038 650 1088 saeculo
670 1040 742 1088 XIV
764 1045 875 1088 exeunte
892 1053 949 1086 esse
969 1038 1114 1102 conscripta
1134 1036 1316 1102 intellegitur.)

708 1234 739 1300 l.

194 1373 274 1437 item
307 1374 392 1457 Span
427 1374 504 1437 feria
536 1376 633 1438 tercia
665 1375 812 1438 atestabit
840 1394 897 1457 per
927 1374 1094 1436 Franchelr
1119 1388 1150 1438 et
1176 1373 1357 1456 Georgium

67 1494 185 1564 super
210 1499 260 1558 e0,
284 1481 372 1562 quod
397 1481 529 1563 quidam
556 1481 732 1563 Gregorius
756 1500 847 1542 suam
871 1480 985 1541 silvam
1010 1479 1126 1542 furtive
1152 1481 1355 1542 devastasset.

127 1609 129 1612 ’
195 1586 273 1647 Item
299 1606 392 1648 causa
419 1588 548 1649 Renarii
573 1602 603 1649 et
629 1588 816 1650 Peterkonis
837 1601 883 1649 est
907 1608 964 1669 per
989 1587 1169 1649 Johannem
1193 1587 1358 1650 literatum

67 1693 122 1754 ad
151 1707 229 1754 octo
254 1692 322 1754 dies
346 1706 472 1775 recepta
497 1693 537 1754 ad
562 1713 684 1776 pacem.

197 1798 275 1861 Item
301 1799 454 1861 Crisanus
479 1799 573 1861 frater
599 1799 814 1861 Malereuiche
847 1813 956 1862 contra
981 1799 1123 1861 Blasium
1156 1799 1355 1861 sacerdotem

65 1908 194 1979 primo
221 1906 333 1966 citatus
358 1925 423 1967 non
448 1907 637 1988 comparuit.

195 2012 273 2073 Item
292 2013 404 2074 Kauka
424 2012 541 2074 mulier
559 2013 711 2094 magistro
728 2011 887 2075 Janchech
903 2014 934 2073 in
952 2012 1124 2094 quindenis
1137 2011 1216 2074 duas
1234 2032 1360 2075 marcas

61 2114 297 2181 denariorum
324 2132 355 2180 et
378 2117 476 2199 judici
502 2119 641 2180 mediam
667 2118 818 2181 exsolvet.

197 2224 274 2285 item
301 2225 502 2305 Margaretha
527 2239 641 2286 octavo
671 2224 723 2286 die
748 2224 864 2303 jurabit
895 2245 928 2286 se
952 2239 1038 2286 sexta
1071 2244 1166 2306 super
1191 2244 1240 2303 eo,
1265 2224 1354 2306 quod

58 2320 154 2408 ipsa
182 2350 284 2392 unum
311 2331 548 2411 manutergium
574 2332 605 2392 in
630 2331 730 2393 domo
755 2330 910 2393 iohannis
934 2332 1032 2392 Vasas
1057 2351 1121 2393 non
1145 2329 1308 2393 furaverit.

102 2550 211 2624 Feria
241 2554 347 2624 tercia
376 2555 527 2640 proxima
558 2561 635 2624 ante
672 2552 794 2623 testum
824 2554 913 2624 beati
943 2550 1102 2624 Anthonii
1141 2552 1354 2625 contessoris.

195 2720 303 2781 Primo
328 2741 420 2782 causa
447 2721 533 2803 Span
559 2734 605 2782 est
628 2741 684 2802 per
703 2733 799 2783 testes
822 2722 862 2783 ad
879 2722 1021 2804 primum
1044 2721 1201 2802 judiciuin
1225 2735 1352 2804 recepta

53 2830 121 2891 ad
150 2846 278 2911 pacem.

196 2933 275 2994 Item
300 2934 417 2996 Batista
444 2947 553 2995 contra
578 2934 708 2996 Petrum
732 2947 886 2996 sartorem
911 2934 1015 3016 primo
1039 2934 1153 2996 citatus
1177 2954 1242 2996 non
1267 2953 1355 2997 com·

52 3041 206 3108 Paruit.

195 3146 272 3209 Item
299 3167 377 3207 uxot
402 3147 560 3208 Janchech
586 3161 701 3209 octavo
726 3147 778 3208 die
803 3146 920 3227 jurabit
947 3168 981 3209 se
1005 3147 1145 3208 secunda
1176 3167 1270 3230 supet
1301 3168 1351 3226 eo,

53 3253 175 3330 quod
202 3253 269 3334 ipsa
294 3253 460 3313 Elizabeth
485 3253 653 3315 mulierem
679 3273 743 3314 non
769 3253 995 3335 vituperaverit
1019 3273 1076 3315 nec
1102 3254 1301 3335 percusserit.

195 3358 273 3420 Item
308 3359 469 3420 Janchech
502 3358 662 3420 aurifaber
695 3374 809 3421 octavo
841 3360 893 3422 die
926 3360 1072 3422 atestabit
1100 3379 1155 3440 per
1189 3359 1354 3422 dominam

60 3454 197 3530 Retres
224 3479 254 3526 et
278 3464 447 3526 Chernech
472 3485 626 3546 magnum
651 3486 745 3547 super
770 3486 819 3543 eo,
842 3466 929 3548 quod
956 3466 1058 3547 ipsum
1085 3485 1163 3526 uxor
1187 3465 1355 3528 Chernech

60 3563 138 3637 filii
170 3573 312 3653 orosnyk
336 3584 367 3631 et
391 3590 481 3631 suam
507 3591 638 3633 uxorem
664 3572 797 3654 turpiter
822 3572 1058 3654 vituperaverit.

194 3676 272 3737 item
292 3676 446 3738 Crisanus
471 3676 566 3739 frater
590 3676 829 3759 Male(re)uiche
855 3691 963 3739 contra
990 3677 1132 3738 Blasium
1156 3678 1353 3741 sacerdotem

68 3783 236 3849 Secundo
261 3783 374 3843 citatus
398 3803 462 3843 non
488 3785 678 3865 comparuit.

195 3887 272 3950 item
299 3888 462 3951 decretum
487 3890 589 3952 extitit
612 3910 668 3972 per
692 3889 842 3971 judicem,
859 3891 978 3972 juratos
1003 3906 1033 3953 et
1057 3892 1238 3953 universam
1265 3911 1353 3953 com·

72 3995 280 4059 munitatem
304 4015 399 4077 super
423 4016 472 4074 eo,
497 3997 573 4078 quia
598 4016 654 4078 per
681 3996 892 4058 Benedictum
925 3996 1028 4059 filiurn
1052 3998 1211 4080 Damyani
1237 3997 1355 4059 sutoris

76 4101 189 4163 nostri
224 4100 411 4163 habitatoris
442 4103 582 4184 quedam
614 4104 740 4184 questio
773 4103 902 4165 racione
937 4102 1103 4164 cuiusdam
1127 4103 1220 4166 vinee
1244 4116 1353 4165 contra

81 4201 269 4269 lohannem
288 4206 390 4268 filium
408 4206 562 4289 Stephani
580 4208 727 4270 similiter
751 4222 857 4270 nostre
875 4210 1011 4271 civitatis
1035 4209 1248 4272 habitatorem
1266 4223 1352 4272 mota

1232 4301 1248 4337 a
