3404 5362
662 383 748 440 Anno
772 379 862 458 1387.
889 417 928 425 —
952 395 1004 456 29.
1028 382 1198 441 novembris.

411 591 489 653 ltem
515 611 607 652 causa
633 591 757 654 Herrici
775 591 922 675 pellificis
945 606 1054 654 contra
1073 593 1136 654 Res
1154 591 1195 654 ad
1219 607 1293 653 octo
1310 591 1380 653 dies
1404 592 1444 653 ad
1462 612 1572 675 pacem

306 709 352 759 eat
376 710 512 779 recepta.

412 804 489 865 Item
515 805 579 866 Res
603 817 712 867 contra
734 804 904 867 Nicolaum
930 817 1044 867 octavo
1069 805 1121 867 die
1144 804 1363 887 respondebit.

413 911 489 973 ltem
516 910 653 972 Mathias
678 911 793 973 Henlre
825 926 936 974 contra
960 911 1116 974 Dicauam
1149 911 1340 973 secundario
1370 911 1486 973 citatus
1511 930 1575 972 non

306 1017 498 1100 comparuit.

413 1124 490 1185 Item
515 1124 657 1185 Briccius
673 1124 802 1186 sellator
827 1139 937 1187 contra
956 1124 1140 1205 Dragonam
1155 1123 1346 1186 secundario
1370 1123 1487 1185 citatus
1505 1143 1569 1184 non

307 1230 496 1311 comparuit.

413 1336 490 1397 ltem
501 1334 1577 1416 MarcomolendinatorcontraJohannemoctavodierespondebit.

415 1442 492 1503 Item
525 1443 718 1505 Benedictus
749 1442 889 1504 carnifex
913 1455 1023 1505 contra
1060 1442 1191 1525 Mathey
1221 1443 1328 1524 primo
1360 1441 1477 1503 citatus
1513 1460 1576 1502 non

307 1549 495 1630 comparuit.

415 1656 492 1717 ltem
519 1655 654 1717 Susiuan
680 1656 859 1717 octavodie
883 1656 982 1718 tercio
1007 1675 1039 1718 se
1064 1675 1160 1738 super
1184 1675 1224 1717 eo
1248 1655 1374 1735 jurabit,
1399 1654 1489 1735 quod
1509 1655 1576 1736 ipse

307 1781 411 1843 neque
436 1781 516 1823 uxor
540 1782 595 1823 sua
613 1762 785 1823 Nicolaum
809 1762 931 1824 dictum
956 1763 1094 1824 Zauersa
1111 1762 1143 1823 in
1168 1760 1361 1843 quibusdam
1387 1762 1484 1822 rebus
1499 1780 1578 1842 pro·

308 1867 473 1930 didissent.

416 1974 493 2036 ltem
518 1975 657 2036 lacobus
682 1975 808 2036 institor
824 1994 926 2056 usque
947 1974 1128 2056 quindenas
1145 1975 1261 2036 Paulas
1284 1993 1343 2056 pro
1367 1973 1501 2034 vulnere
1519 1993 1578 2034 suo

308 2082 454 2162 quinque
479 2101 611 2160 marcas,
636 2102 673 2143 ac
701 2102 799 2143 unam
830 2081 928 2162 judici
954 2101 1102 2144 necnon
1135 2080 1262 2143 medico
1295 2079 1490 2157 satisfacere,
1515 2080 1578 2141 sol·

309 2208 381 2250 vere
406 2188 512 2250 debet.

415 2295 492 2356 Item
518 2295 604 2356 idem
630 2296 768 2357 lacobus
798 2295 924 2357 institor
954 2295 1053 2357 tercio
1077 2315 1109 2356 se
1142 2315 1238 2377 super
1270 2313 1309 2357 eo
1334 2293 1463 2374 jurabit,
1488 2291 1578 2373 quod

309 2402 375 2483 ipse
400 2421 463 2463 non
491 2402 521 2461 in
546 2402 608 2463 hoc
633 2403 764 2463 nomine
782 2400 940 2484 prelatum
960 2402 1074 2463 Paulas
1091 2401 1299 2478 vulnerasset,
1324 2412 1359 2461 ut
1376 2399 1444 2480 ipse
1463 2399 1579 2459 Paulas

307 2507 462 2588 quasdam
488 2528 536 2568 res
559 2528 631 2569 suas
662 2507 796 2589 prodere
818 2508 959 2586 deberet,
983 2522 1014 2569 et
1039 2508 1070 2568 in
1095 2507 1201 2589 spolio
1226 2507 1325 2588 ipsius
1349 2505 1507 2567 innocens
1532 2519 1578 2567 est

308 2614 434 2694 penitus
458 2628 488 2674 et
513 2614 664 2674 immunis
686 2628 716 2675 et
740 2613 854 2675 exinde
878 2613 976 2675 nichil
1005 2613 1116 2688 sciret;
1141 2613 1207 2694 ipse
1232 2625 1339 2674 autem
1367 2611 1485 2672 Paulas
1508 2631 1577 2693 pre·

308 2719 425 2781 dictam
452 2739 578 2780 causam
604 2720 643 2780 ad
668 2720 818 2800 antiquos
841 2719 962 2797 judices
986 2719 1171 2801 appellavit.

389 2955 484 3029 Feria
514 2964 611 3028 sexta
641 2960 794 3045 proxima
823 2965 901 3029 ante
925 2957 1047 3029 festum
1075 2958 1166 3029 beati
1195 2953 1326 3028 xnrree
1354 2956 1512 3044 apostoli.

799 3107 866 3188 (29.
890 3111 1077 3184 novembris).

415 3250 492 3311 ltem
525 3270 618 3310 causa
644 3248 773 3310 Thome
806 3262 916 3311 contra
950 3248 1127 3331 Georgium
1160 3247 1396 3330 carpentarium
1429 3247 1471 3308 ad
1504 3260 1579 3309 octo

310 3355 378 3416 dies
402 3355 440 3417 ad
466 3375 577 3437 pacem
603 3370 648 3416 est
673 3369 809 3437 recepta.

416 3462 493 3523 ltem
519 3462 692 3544 Matheylro
725 3461 875 3539 carnifex,
909 3462 1012 3544 Cigan
1046 3476 1077 3524 et
1108 3462 1227 3523 Paulus
1259 3474 1370 3522 contra
1395 3459 1577 3542 Georgium

311 3569 415 3649 primo
440 3568 524 3630 citati
550 3588 613 3629 non
641 3583 899 3649 comparuerunt.

416 3675 493 3736 ltem
519 3673 695 3754 juramenta
719 3693 781 3754 que
806 3675 958 3735 dominus
988 3676 1074 3735 Luca
1100 3674 1228 3735 Bonioli
1253 3687 1283 3733 et
1308 3671 1480 3754 Gyaninus
1505 3673 1576 3734 Bon

311 3781 408 3843 hodie
433 3795 542 3843 contra
567 3800 634 3842 sese
667 3778 770 3841 lacere
804 3780 967 3857 deberent,
993 3781 1032 3841 de
1057 3780 1223 3841 voluntate
1255 3781 1394 3860 ipsarum
1429 3780 1577 3860 parcium

312 3907 412 3968 usque
437 3887 476 3948 ad
501 3901 574 3948 octo
598 3887 666 3948 dies
689 3901 953 3968 prorogaverunt,
978 3900 1009 3948 et
1036 3900 1112 3948 tunc
1145 3887 1211 3968 ipsa
1243 3885 1422 3966 juramenta
1448 3885 1480 3947 in
1505 3906 1579 3968 pre·

311 3995 397 4055 dicto
422 4008 535 4056 octavo
561 3993 611 4054 die
635 3993 737 4054 facere
763 3994 910 4055 debeant.

416 4101 493 4161 ltem
508 4099 698 4161 Benedictus
712 4100 839 4160 Mezara
857 4112 965 4161 contra
984 4100 1137 4161 Mathiam
1162 4098 1353 4161 secundario
1370 4099 1486 4160 citatus
1511 4120 1576 4162 non

311 4208 499 4290 comparuit.

419 4314 495 4375 ltem
533 4311 669 4374 Mathias
704 4314 845 4395 orosnyk
881 4326 990 4374 contra
1026 4311 1179 4373 Mathiam
1218 4311 1324 4393 primo
1360 4311 1476 4373 citatus
1512 4332 1578 4374 non

311 4420 501 4503 comparuit.

418 4527 497 4588 Item
522 4526 602 4586 Kele
635 4540 745 4586 contra
773 4525 911 4586 lwanam
943 4525 1111 4586 mulierem
1136 4524 1326 4586 secundario
1358 4523 1473 4585 citatus
1513 4543 1580 4585 non

311 4633 502 4716 comparuit.
1540 4699 1552 4722 .

417 4741 495 4801 ltem
521 4740 700 4801 Benedicus
732 4738 832 4799 decan
867 4752 976 4798 contra
1009 4738 1152 4798 Kusman
1189 4736 1332 4799 secundo
1365 4736 1480 4798 citatus
1512 4757 1579 4798 non

311 4846 500 4929 comparuit.
