3404 5362
217 302 276 364 188
589 296 790 377 Anno1383.
814 334 855 344 -
879 311 929 376 27.
945 301 1107 376 februarii.

319 515 400 577 Item
434 514 553 576 Paulus
577 511 738 575 aurifaber
769 524 880 573 contra
910 510 1076 573 Thomam
1107 509 1345 594 carpentarium
1377 509 1477 591 primo

213 620 328 682 citatus
352 639 418 682 non
446 619 637 702 comparuit.

320 727 399 789 Item
425 726 572 788 Thomas
596 720 813 807 carpentarius
843 738 953 786 contra
977 724 1158 786 Fabianum
1188 722 1354 784 literatum
1378 721 1479 802 primo

212 833 326 895 citatus
352 852 418 894 non
447 832 637 913 comparuit.

322 939 401 1001 Item
425 938 511 1000 idem
536 937 683 999 Thomas
700 950 809 999 contra
827 936 1026 1018 Stephanum
1047 935 1216 999 Crisozlau
1239 936 1346 1018 primo
1370 935 1481 997 citatus

213 1063 279 1106 non
304 1045 498 1127 comparuit.

321 1151 400 1213 Item
424 1148 573 1233 Mychael
604 1149 803 1211 stacunarius
833 1161 944 1212 contra
978 1147 1159 1210 Johannem
1189 1145 1293 1208 filium
1327 1146 1482 1209 Hermani

213 1256 320 1338 primo
349 1256 463 1317 citatus
487 1275 554 1317 non
578 1255 768 1337 comparuit.

321 1381 399 1443 Item
433 1379 632 1443 Laurencius
662 1393 752 1442 sutor
782 1392 892 1440 contra
917 1378 1098 1440 Johannem
1129 1391 1273 1439 sutorem
1297 1375 1404 1458 primo
1440 1374 1482 1436 ci-

213 1500 298 1549 tatus
322 1506 388 1549 non
413 1485 605 1568 comparuit.

320 1593 399 1654 Item
423 1592 613 1654 Dominicus
637 1603 747 1653 contra
779 1590 915 1651 Elenam
947 1590 1119 1651 mulierem
1143 1589 1248 1672 primo
1276 1588 1392 1651 citatus
1415 1608 1480 1650 non

215 1699 406 1781 comparuit.

319 1806 398 1868 Item
422 1804 575 1866 Nicolaus
598 1802 702 1884 Cigan
734 1815 845 1865 contra
869 1803 1000 1864 Petrum
1032 1815 1188 1865 sartorem
1219 1814 1336 1864 octavo
1358 1800 1411 1862 die
1436 1820 1485 1863 re·

214 1911 398 1995 spondebit.

320 2019 399 2080 Item
435 2016 551 2079 Paulas
585 2028 697 2078 contra
732 2013 928 2096 Gregorium
965 2014 1083 2095 Angeli
1118 2012 1224 2096 primo
1263 2013 1377 2075 citatus
1417 2031 1484 2074 non

214 2123 408 2206 comparuit.

322 2230 401 2291 Item
419 2248 511 2291 causa
537 2227 657 2290 Cosme
682 2225 836 2289 aurifabri
860 2240 891 2289 et
912 2226 1029 2288 Paulas
1051 2239 1162 2288 contra
1186 2224 1359 2287 Nicolaum
1382 2222 1486 2285 carni-

214 2334 307 2399 ficem
333 2350 364 2398 et
390 2333 569 2416 Georgium
593 2335 634 2397 ad
657 2347 808 2396 octavum
833 2333 921 2396 diem
944 2332 985 2394 ad
1008 2351 1122 2415 pacem
1146 2344 1193 2393 est
1216 2343 1353 2412 recepta.

322 2460 400 2521 Item
424 2460 540 2542 Mykus
565 2458 766 2521 Cimichicha
798 2471 908 2521 contra
941 2459 1098 2520 Jacobum
1122 2456 1202 2519 Bole
1232 2455 1340 2539 primo
1371 2454 1487 2516 citatus

215 2585 280 2628 non
306 2566 497 2647 comparuit.

321 2671 400 2733 Item
418 2669 582 2732 Iohannes
598 2670 683 2732 filius
699 2671 855 2734 Iohannis
871 2684 981 2733 contra
997 2670 1159 2732 Briccium
1174 2669 1362 2749 selliparum
1378 2668 1486 2751 primo

215 2777 329 2839 citatus
352 2795 418 2838 non
447 2777 639 2858 comparuit.

321 2883 399 2944 Item
432 2883 544 2944 Petrus
569 2881 708 2946 famulus
730 2883 887 2967 Delasych
911 2897 1022 2945 contra
1044 2882 1225 2946 Johannem
1249 2878 1355 2943 filium
1372 2879 1487 2942 Jacobi

213 2989 320 3070 primo
343 2989 457 3050 citatus
480 3007 546 3049 non
571 2990 761 3072 comparuit.

321 3095 399 3157 Item
425 3093 588 3156 Iohannes
620 3095 733 3157 Plazar
765 3109 874 3157 contra
906 3095 1016 3156 Endre
1050 3094 1116 3177 Syb
1139 3093 1247 3176 primo
1278 3091 1394 3154 citatus
1418 3109 1487 3152 non

215 3201 406 3282 comparuit.

321 3308 400 3369 Item
417 3327 512 3370 causa
536 3307 629 3369 Pauli
645 3308 762 3369 literati
786 3321 895 3369 contra
917 3308 1062 3369 Maricam
1080 3306 1251 3368 mulierem
1275 3303 1316 3367 ad
1332 3317 1486 3367 octavum

215 3412 301 3474 diem
326 3413 366 3474 ad
391 3433 504 3495 pacem
528 3427 575 3475 eat
598 3427 735 3495 recepta.

392 3647 489 3722 FerIa
518 3659 617 3722 sexta
645 3653 802 3741 proxima
830 3660 908 3723 ante
936 3653 1139 3723 dominicam
1167 3649 1296 3722 Letare.

726 3822 791 3903 (27-
807 3825 980 3900 samana

321 3979 399 4043 Item
424 3981 531 4043 Endre
564 3982 631 4065 Syb
662 3997 771 4046 contra
803 3983 964 4046 Ianchech
997 3981 1197 4045 aurifabrum
1227 3981 1334 4064 primo
1367 3980 1484 4042 citatus

215 4107 280 4149 non
305 4089 498 4170 comparuit.

321 4194 400 4256 Item
426 4195 592 4257 Ladislaus
615 4195 699 4258 tular
722 4208 830 4257 contra
848 4196 1009 4258 Briccium
1025 4196 1213 4277 selliparum
1237 4194 1344 4277 primo
1368 4194 1483 4257 citatus

216 4319 282 4362 non
307 4302 498 4384 comparuit.

322 4407 401 4469 Item
426 4407 571 4469 Thomas
595 4407 679 4470 filius
695 4409 849 4470 Johannis
866 4423 974 4471 contra
994 4409 1152 4471 Briccium
1176 4407 1316 4470 eundem
1340 4406 1483 4469 secundo

215 4513 330 4575 citatus
354 4533 421 4574 non
446 4514 636 4596 comparuit.

321 4638 399 4699 Item
415 4636 597 4720 Stephanus
610 4637 778 4721 Chaplych
797 4652 907 4701 contra
924 4639 1087 4701 Thomam
1110 4637 1214 4701 filiurn
1229 4639 1362 4701 Henrici
1377 4640 1483 4722 primo

214 4742 328 4805 citatus
358 4763 423 4806 non
448 4744 637 4825 comparuit.
