3404 5362
607 313 695 370 Anno
719 309 810 389 1383.
837 347 875 356 -
901 310 954 373 28.
979 315 1092 387 aprilis.
1427 337 1486 398 ¹97

326 523 406 586 Item
430 521 568 585 Mathias
591 522 730 585 condam
747 522 869 604 juratus
886 537 996 586 contra
1021 525 1161 587 eundem
1184 525 1364 588 Johannem
1380 527 1486 609 primo

212 631 335 693 citatus
357 650 423 692 non
449 630 639 712 comparuit.

326 737 405 800 Item
421 737 575 800 Nicolaus
598 736 683 799 filius
708 736 831 798 Odolas
847 752 962 800 octavo
986 737 1038 801 die
1062 759 1157 820 super
1181 759 1220 800 eo
1244 740 1372 822 jurabit,
1397 743 1485 823 quod

211 845 302 907 Iwan
329 844 413 906 filius
437 845 545 907 Mathe
569 844 628 905 sibi
654 844 801 906 ducentis
829 845 1063 926 quinquaginta
1096 866 1148 906 sex
1175 847 1304 909 florenis
1337 848 1404 908 auri
1431 848 1484 909 de·

212 952 301 1014 bitor
326 948 431 1013 fuerit.

323 1057 401 1119 Item
435 1057 521 1119 idem
554 1057 708 1119 Nicolaus
739 1057 826 1118 solus
849 1076 944 1139 super
975 1076 1014 1118 eo
1046 1056 1173 1138 jurabit,
1206 1059 1293 1140 quod
1320 1060 1385 1142 ipse
1412 1076 1484 1143 post

213 1162 334 1225 festum
359 1164 541 1226 Natiuitatis
565 1163 689 1225 domini
707 1164 852 1245 proxime
875 1163 1063 1245 preteritum
1088 1163 1172 1225 Iwan
1190 1164 1293 1226 filium
1319 1166 1425 1227 Mathe
1443 1166 1483 1228 ad

213 1269 426 1332 mercandum
452 1270 559 1351 quoad
584 1270 769 1332 societatem
794 1290 859 1332 non
883 1271 1099 1352 assumpserit.

324 1377 402 1439 Item
427 1395 559 1439 consors
591 1375 731 1460 Myndos
759 1377 860 1439 tercio
884 1397 917 1438 se
949 1391 1063 1438 octavo
1088 1377 1140 1438 die
1171 1398 1267 1459 super
1290 1398 1329 1441 eo
1354 1378 1482 1460 jurabit,

216 1483 306 1565 quod
326 1484 393 1565 ipsa
411 1484 443 1545 in
469 1482 553 1545 iacto
578 1483 790 1565 quarumdam
817 1483 960 1564 quinque
982 1503 1161 1546 marcarum
1186 1498 1295 1547 contra
1319 1485 1483 1548 Thomam

214 1590 357 1671 juratum
382 1590 538 1651 innocens
562 1590 683 1651 existat.

322 1714 400 1776 Item
426 1715 576 1776 Vrbanus
599 1713 683 1775 filius
708 1714 815 1776 Vrank
840 1715 879 1775 de
908 1715 1067 1797 Zauersya
1100 1728 1213 1777 octavo
1246 1715 1298 1777 die
1322 1736 1417 1798 super
1443 1738 1481 1779 eo

212 1821 332 1903 jurabit
349 1822 382 1882 in
399 1819 483 1882 facto
500 1820 708 1904 spoliacionis
724 1840 830 1882 rerum
847 1840 903 1882 seu
921 1821 986 1882 vini
1003 1820 1219 1902 quorumdam
1234 1821 1478 1885 Corintinorum

212 1929 370 1990 innocens
393 1928 516 2006 existat,
540 1946 578 1989 eo
602 1927 689 2008 quod
722 1928 822 1988 eciam
855 1927 978 1988 eratin
1011 1928 1093 1989 mala
1118 1926 1213 2005 fama,
1246 1928 1418 1990 duodecim
1444 1950 1477 1990 se

214 2034 412 2098 hominibus.

369 2269 465 2344 FerIa
494 2273 601 2344 tercia
629 2274 784 2361 proxima
814 2281 888 2363 post
917 2272 1041 2346 festum
1068 2276 1177 2346 sancti
1209 2275 1324 2346 Marci.

736 2442 804 2522 (28.
828 2444 954 2522 aprilis).

319 2604 397 2666 Item
432 2602 592 2685 Georgius
626 2603 748 2684 juratus
779 2618 888 2666 contra
925 2605 1124 2687 Mychaelem
1161 2604 1328 2688 Ortoflych
1363 2618 1477 2668 octavo

211 2711 263 2773 die
289 2710 507 2793 respondebit.

318 2817 397 2878 Item
411 2816 530 2878 Paulus
546 2818 638 2878 rakar
651 2830 761 2878 contra
780 2817 943 2879 Thomam
957 2819 1061 2900 prImo
1078 2818 1191 2880 citatus
1207 2838 1271 2880 non
1287 2819 1476 2901 comparuit.

319 2924 397 2986 Item
431 2923 593 2986 Iohannes
626 2924 722 2986 Liber
752 2937 866 2986 octavo
898 2925 950 2985 die
978 2945 1035 3007 per
1067 2925 1261 2986 Hanslinum
1286 2939 1316 2986 et
1339 2925 1476 2987 alterum

213 3031 409 3093 Hanslinum
426 3030 487 3091 hoc
503 3031 660 3108 atestabit‚
678 3029 766 3111 quod
780 3031 936 3113 Zekyrich
953 3046 1134 3092 consortem
1148 3051 1237 3092 suam
1256 3032 1475 3113 vituperasset.

318 3137 396 3199 Item
422 3136 508 3198 idem
533 3136 695 3198 Iohannes
719 3157 774 3219 per
799 3137 1012 3198 Laurentium
1037 3151 1068 3198 et
1085 3135 1262 3218 Georgium
1287 3137 1407 3217 juratos
1423 3158 1475 3199 oc-

212 3258 284 3306 tavo
309 3243 362 3305 die
386 3243 446 3305 hoc
471 3243 627 3321 atestabit‚
652 3243 740 3324 quod
765 3244 869 3326 ipsum
894 3243 1050 3326 Zekyrich
1074 3244 1292 3324 vituperasset.

316 3369 396 3430 Item
421 3367 539 3429 Endrei
566 3367 631 3451 Syb
657 3382 767 3430 contra
792 3368 950 3430 Ianchech
975 3383 1089 3431 octavo
1114 3368 1166 3429 die
1191 3370 1406 3449 respondebit.

319 3475 397 3537 Item
422 3475 570 3537 Vrbanus
594 3474 678 3536 filius
707 3476 796 3537 Bank
822 3475 860 3536 de
892 3476 1054 3558 Zauorsya
1086 3476 1281 3538 duodecimo
1306 3498 1338 3539 se
1369 3479 1473 3540 homi·

213 3582 305 3644 nibus
329 3582 519 3664 premissum
543 3601 636 3643 suum
667 3581 883 3663 juramentum
915 3581 999 3644 facto
1031 3583 1063 3643 in
1095 3583 1271 3666 prescripto
1301 3605 1394 3647 suum
1419 3587 1473 3647 de-

213 3687 317 3770 posuit
341 3700 375 3749 ut
398 3686 546 3766 debebat,
571 3687 644 3749 ideo
669 3703 714 3750 est
738 3688 913 3770 expeditus.

315 3794 395 3855 Item
419 3813 512 3856 causa
536 3793 667 3856 domine
693 3795 800 3857 relicte
825 3796 951 3858 NIcoIai
979 3793 1037 3856 rufi
1063 3809 1172 3857 contra
1195 3812 1377 3860 consortem
1402 3798 1473 3861 Cri-

211 3902 296 3964 stIini
322 3901 362 3963 ad
387 3915 536 3963 octavum
562 3901 648 3963 diem
672 3902 711 3964 ad
736 3923 847 3985 pacem
872 3917 918 3964 est
942 3916 1077 3985 recepta.

316 4007 395 4070 Item
419 4027 512 4070 causa
530 4009 655 4070 Nicolai
672 4024 781 4071 contra
799 4009 953 4071 Mathiam
976 4009 1015 4072 de
1032 4010 1130 4072 Jarun
1155 4013 1195 4073 ad
1218 4027 1367 4076 octavum
1385 4014 1471 4076 diem

212 4113 250 4175 ad
274 4132 386 4197 pacem
411 4128 457 4176 est
481 4128 617 4198 recepta.

316 4239 393 4300 Item
419 4238 564 4302 Thomas
588 4254 697 4302 contra
722 4254 904 4303 consortem
929 4239 1076 4322 Gregorii
1101 4240 1157 4302 filii
1190 4243 1345 4304 Iohannis
1367 4245 1472 4325 primo

212 4345 322 4408 citatus
344 4365 409 4408 non
434 4347 623 4430 comparuit.

315 4453 394 4516 Item
426 4474 521 4516 causa
545 4454 700 4516 Iohannis
724 4453 813 4535 figuli
851 4468 961 4517 contra
993 4455 1177 4517 EmerIcum
1210 4476 1399 4538 arcuparum
1431 4458 1470 4520 ad

212 4573 359 4621 octavum
383 4559 468 4622 diem
495 4559 534 4621 ad
560 4581 670 4643 pacem
695 4575 741 4622 est
767 4576 904 4644 recepta.

316 4666 394 4729 Item
419 4687 512 4729 causa
538 4666 669 4748 Georgii
696 4669 791 4730 Loter
823 4683 932 4731 contra
965 4670 1109 4730 Marcum
1143 4669 1243 4731 hlium
1269 4670 1405 4753 Mykech
1431 4672 1471 4734 ad

213 4785 359 4836 octavum
383 4773 469 4835 diem
494 4773 534 4835 ad
557 4794 669 4857 pacem
695 4789 740 4836 est
764 4791 899 4858 recepta.
