3404 5362
597 345 688 404 Anno
711 342 803 422 1383.
828 381 869 388 —
894 360 943 423 14.
975 348 1103 419 augusti.
1423 364 1485 426 209

322 557 400 618 item
418 556 581 618 iohannes
599 555 677 618 Scof
691 570 800 619 contra
819 556 931 618 Raden
948 557 1053 639 primo
1071 557 1184 620 citatus
1201 576 1266 619 non
1293 557 1483 638 comparuit.

321 663 399 725 item
425 663 543 725 Paulus
568 662 762 724 Merichicha
787 676 897 724 contra
923 662 1030 724 Endre
1047 664 1153 745 primo
1169 663 1283 726 citatus
1307 683 1372 725 non
1398 682 1485 725 com·

211 770 330 854 paruit.

320 878 397 939 item
424 877 616 939 Benedictus
640 875 725 937 filius
757 875 840 937 Petri
875 875 950 937 dicti
980 875 1100 937 Wlkan
1135 877 1174 937 de
1199 876 1339 939 Chasma
1364 889 1395 937 et
1419 876 1482 938 De-

211 984 347 1044 metrius
368 984 408 1045 de
426 984 550 1062 eadem,
567 997 653 1044 extra
679 982 840 1044 civitatem
860 983 1018 1043 verberari
1036 982 1155 1044 debent
1178 996 1209 1045 et
1233 983 1376 1065 ipsorum
1394 983 1481 1044 auri·

211 1090 284 1152 culo
317 1090 422 1151 abcidi
455 1090 591 1166 debent;
622 1102 652 1150 et
676 1089 701 1150 si
728 1088 767 1149 de
800 1102 904 1150 cetero
934 1088 966 1149 in
999 1089 1125 1151 civitate
1158 1091 1372 1173 reperientur,
1404 1103 1482 1152 tunc

211 1196 366 1276 suspendi
392 1195 520 1258 debent.

238 1431 338 1506 Feria
367 1436 473 1505 tercia
501 1435 657 1522 proxima
684 1441 762 1523 post
789 1433 914 1505 festum
942 1436 1052 1506 sancti
1080 1433 1256 1506 Laurencii
1289 1436 1454 1507 martiris.

737 1587 797 1662 (11.
821 1585 960 1659 augusti).

320 1725 398 1787 Item
417 1726 505 1807 quod
523 1727 599 1808 quia
624 1726 806 1809 Stephanus
822 1724 906 1787 filius
931 1725 1014 1787 Petri
1040 1738 1070 1787 et
1087 1724 1232 1807 Philipus
1248 1724 1333 1786 filius
1350 1724 1481 1786 Mladen

213 1832 404 1913 jobagiones
428 1832 565 1894 Dionisii
583 1832 640 1894 filii
667 1833 807 1894 Lorandi
832 1833 865 1893 in
883 1833 1025 1914 quodam
1043 1831 1224 1914 furtispolio
1248 1845 1322 1894 sunt
1346 1832 1479 1911 inventi,

212 1940 300 2020 quod
327 1958 399 2000 cum
425 1939 511 2001 dicto
537 1939 684 2001 Dionisio
709 1938 867 2017 fecissent,
888 1939 976 2020 quod
1001 1938 1061 1999 soli
1086 1952 1160 1999 sunt
1185 1936 1332 2016 confessi,
1356 1938 1478 2020 specia-

213 2046 286 2108 liter
311 2046 343 2106 in
368 2047 557 2128 recepcione
583 2046 749 2108 cuiusdam
768 2045 833 2107 vini
858 2045 946 2127 quod
972 2045 1082 2107 fuisset
1099 2045 1315 2126 quorumdam
1341 2043 1480 2106 Carinti-

214 2171 341 2230 norum,
366 2166 396 2212 et
413 2171 486 2213 cum
505 2152 537 2212 in
554 2153 742 2234 recepcione
759 2153 814 2213 ubi
844 2151 1018 2213 voluerunt
1034 2150 1175 2233 recipere
1191 2149 1351 2232 quosdam
1370 2169 1481 2212 currus

214 2277 286 2318 curn
312 2277 419 2338 panno
445 2258 484 2319 de
510 2258 642 2319 Petouia
675 2257 828 2320 ducentes
858 2271 889 2319 et
921 2257 964 2319 ibi
990 2255 1120 2319 fuerunt
1152 2255 1318 2339 aprehensi
1344 2275 1400 2339 per
1423 2254 1480 2316 ho·

215 2365 336 2425 minem
361 2364 484 2426 domini
510 2365 593 2444 regis
617 2378 648 2426 et
672 2364 852 2446 specialiter
879 2383 936 2446 per
959 2364 1224 2426 tricesimatorem
1248 2362 1372 2424 domini
1398 2362 1481 2443 regis

215 2490 275 2531 una
302 2489 376 2531 cum
400 2490 455 2531 sua
489 2469 611 2531 familia
644 2492 660 2532 a
686 2471 873 2533 concivibus
904 2470 1019 2532 nostris
1051 2471 1141 2531 cuius
1172 2484 1239 2531 erat
1263 2488 1382 2546 currus,
1406 2467 1480 2530 ideo

215 2575 345 2655 judicari
362 2590 437 2639 sunt
453 2597 509 2657 per
533 2576 652 2657 juratos
676 2576 715 2638 ad
732 2576 1001 2659 suspendendum
1026 2596 1075 2654 eu,
1092 2575 1180 2657 quod
1198 2575 1258 2637 soli
1283 2574 1323 2636 ad
1348 2594 1381 2636 se
1405 2588 1480 2635 sunt

215 2681 361 2745 confessi.

216 2918 310 2992 Feria
339 2928 438 2992 sexta
467 2922 623 3010 proxima
652 2928 729 2993 ante
763 2921 885 2994 festum
913 2919 1167 3010 Assumpcionis
1194 2921 1291 2993 beate
1325 2922 1478 3010 virginis.

720 3079 784 3153 (14.
815 3078 958 3151 aregustr).

319 3212 396 3275 Item
429 3233 522 3275 causa
556 3214 682 3276 Lucasii
715 3229 825 3276 contra
858 3215 1041 3276 Emericum
1074 3214 1113 3275 ad
1146 3227 1295 3276 octavum
1319 3211 1405 3273 diem
1438 3211 1478 3273 ad

216 3339 326 3401 pacem
351 3332 397 3381 est
421 3333 557 3401 recepta.

319 3427 397 3488 item
422 3447 518 3488 causa
543 3427 742 3507 Margarethe
760 3427 867 3510 puelle
891 3443 1002 3490 contra
1026 3427 1184 3510 quosdam
1210 3425 1413 3487 fideiussores
1436 3423 1477 3485 ad

215 3547 362 3596 octavum
388 3533 475 3594 diem
501 3547 547 3595 est
570 3547 741 3617 prorogata
766 3554 804 3596 eo
834 3535 944 3613 modo,
969 3535 1057 3616 quod
1090 3533 1221 3616 quando
1245 3552 1358 3594 omnes
1381 3545 1477 3594 testes

215 3639 309 3700 simul
335 3654 427 3700 erunt
450 3653 526 3702 tunc
552 3639 650 3721 possit
674 3638 819 3719 judicari,
844 3653 875 3701 et
899 3654 1029 3723 propter
1062 3640 1244 3701 absenciam
1270 3639 1365 3700 unius
1389 3638 1476 3701 testis

214 3765 340 3807 causam
366 3765 429 3807 non
456 3746 555 3828 possit
578 3745 722 3828 perdere.

320 3851 398 3913 Irem
423 3852 596 3935 Dragonya
627 3866 715 3914 sutor
751 3867 860 3915 contra
892 3852 1073 3915 iohannem
1105 3834 1204 3913 P'azar
1236 3851 1340 3934 primo
1365 3851 1478 3912 citatus

213 3977 276 4018 non
303 3959 492 4040 comparuit.

319 4064 396 4126 item
420 4084 514 4126 causa
547 4065 725 4126 Sebastiani
760 4080 868 4127 contra
900 4064 1109 4128 Katherinam
1142 4065 1181 4126 ad
1214 4078 1364 4126 octavum
1389 4063 1476 4125 diem

211 4170 250 4231 ad
277 4190 387 4251 pacem
413 4185 460 4234 est
484 4185 621 4254 recepta.

316 4276 393 4338 Item
427 4297 521 4339 causa
555 4277 679 4339 Herrici
711 4277 858 4360 pellificis
889 4292 998 4340 contra
1028 4276 1222 4338 Hanslinum
1254 4276 1294 4336 ad
1327 4289 1476 4336 octavum

210 4383 296 4445 diem
322 4384 361 4443 ad
387 4403 498 4466 pacem
524 4399 570 4445 est
598 4397 735 4467 recepta.
798 4435 799 4439 ,

316 4489 393 4551 Item
420 4491 618 4572 Dragozlaus
644 4505 753 4553 contra
772 4492 969 4574 Stephanum
995 4489 1176 4552 carnificem
1193 4489 1335 4552 secundo
1360 4489 1475 4551 citatus

210 4615 275 4656 non
301 4597 490 4678 comparuit.

317 4701 394 4763 item
426 4722 520 4764 causa
556 4703 673 4786 Philipi
711 4718 820 4765 contra
859 4703 1023 4765 Thomam
1056 4703 1096 4764 ad
1133 4717 1282 4765 octavum
1319 4703 1405 4766 diem
1437 4703 1476 4765 nd

214 4827 326 4890 pacem
352 4823 399 4870 est
424 4824 559 4891 recepta.

1335 4921 1372 4980 ¹4
