3404 5362
218 341 277 399 ¹30
616 325 704 383 Am
726 320 818 401 1378.
845 356 882 367 -
905 336 958 397 25.
982 326 1072 384 atati.

316 537 396 599 item
412 536 570 613 Francha‚
587 535 735 618 Mychael
759 535 919 617 Damyani
937 550 968 595 et
986 535 1143 597 Martinus
1163 549 1274 598 contra
1298 535 1483 597 Johnnnem

213 645 331 707 Lieber
354 644 459 726 primo
482 642 569 704 citati
597 661 664 704 non
687 655 948 724 comparuerunt

319 768 398 830 item
415 767 521 828 Blasia
544 765 662 828 mulier
684 780 794 826 contra
817 764 991 826 Nicolaum
1014 763 1158 826 secundo
1185 765 1279 827 citata
1302 785 1372 827 non
1397 785 1485 827 com·

214 874 332 957 paruit

319 981 398 1043 {tem
424 979 588 1040 iohannes
619 977 761 1039 decanus
795 991 906 1038 contra
931 978 1102 1041 Nicolaum
1134 977 1240 1061 primo
1264 977 1380 1039 citatus
1419 997 1484 1039 non

211 1086 404 1169 comparuit.

318 1192 397 1254 item
422 1191 622 1252 Laurentius
645 1188 792 1252 Gallicus
814 1203 925 1251 contra
958 1189 1123 1252 Andream
1147 1190 1253 1272 primo
1276 1190 1392 1251 citatus
1416 1208 1483 1250 non

213 1297 404 1379 comparuit

319 1402 398 1463 item
423 1403 573 1464 Marenus
604 1400 744 1482 lapicida
775 1414 887 1462 contra
910 1399 1112 1462 Demetrium
1143 1400 1344 1462 sacerdotem
1368 1413 1486 1461 octavo

216 1508 269 1570 die
293 1508 512 1590 respondebit.

319 1614 398 1677 item
415 1614 528 1676 Petrus
552 1628 663 1676 contra
687 1612 878 1696 fabyanum
910 1613 1073 1676 literatum
1096 1613 1241 1676 secundo
1270 1612 1386 1675 citatus
1417 1631 1484 1674 non

214 1721 406 1804 comparuit.

320 1826 400 1888 item
424 1824 607 1906 Stephanus
634 1823 794 1886 Crisozlai
825 1838 935 1885 contra
967 1824 1108 1905 judicem
1132 1826 1238 1909 primo
1269 1825 1385 1886 citatus
1417 1844 1483 1885 non

215 1933 406 2014 comparuit.

323 2038 401 2100 Item
426 2036 585 2098 Janchech
610 2034 771 2098 aurifaber
794 2037 948 2118 magistro
973 2037 1068 2100 Petro
1084 2038 1124 2099 de
1151 2037 1242 2100 Cheh
1265 2038 1296 2099 X
1319 2037 1391 2099 flor.
1416 2038 1486 2100 auri

217 2143 250 2203 in
273 2143 447 2224 quindenis
470 2142 635 2203 exsolvere
659 2142 756 2203 debet
780 2141 923 2204 indilate.

320 2267 398 2328 item
416 2266 574 2344 francha,
600 2266 757 2327 Martinus
773 2280 804 2327 et
820 2265 959 2328 Michael
980 2267 1139 2351 Damyani
1165 2282 1274 2329 contra
1300 2267 1485 2349 Magicbam

214 2372 385 2434 mulierem
413 2373 518 2454 primo
543 2372 627 2433 citati
654 2391 720 2434 non
744 2388 1006 2454 comparuerunt.

320 2478 398 2539 item
422 2478 487 2540 Res
510 2492 620 2540 contra
644 2479 821 2540 Renarium
844 2478 988 2540 secundo
1019 2480 1135 2542 citatus
1157 2499 1223 2541 non
1248 2478 1441 2561 comparuit.

323 2585 401 2647 Item
425 2604 519 2646 causa
544 2584 679 2646 inchech
706 2585 896 2667 carpentarii
929 2597 962 2647 et
983 2585 1111 2648 Nicolai
1143 2598 1191 2648 est
1213 2604 1270 2668 per
1293 2584 1487 2664 magistrum

218 2691 355 2753 Paulum
379 2690 419 2752 ad
443 2705 518 2753 octo
541 2690 611 2752 dies
635 2706 761 2773 recepta
785 2691 825 2751 ad
850 2711 973 2773 pacem.

323 2814 401 2875 ltem
426 2833 519 2876 causa
544 2813 696 2897 Symonis
719 2828 750 2876 et
777 2815 904 2876 Nicolai
927 2829 974 2877 est
1005 2832 1064 2897 per
1086 2812 1225 2894 judicem
1250 2812 1291 2875 ad
1315 2826 1390 2875 octo
1416 2811 1487 2874 dies

217 2936 398 3005 prorogata.

324 3027 403 3089 Item
428 3027 529 3089 Elena
553 3027 670 3088 mulier
700 3042 814 3089 octavo
848 3026 900 3088 die
927 3046 960 3087 se
991 3028 1089 3089 tercia
1112 3026 1230 3106 jurabit
1261 3026 1293 3088 in
1318 3045 1369 3106 eo,
1393 3027 1487 3108 quod

218 3135 286 3217 ipsa
312 3134 391 3195 duas
413 3147 495 3195 setas
519 3133 640 3195 Traute
664 3133 791 3194 mulieri
816 3151 881 3194 non
914 3132 1057 3212 dederit,
1081 3146 1113 3194 et
1143 3132 1260 3195 eodem
1283 3131 1337 3194 die
1368 3147 1487 3194 octavo

217 3240 269 3301 die
294 3239 333 3301 de
359 3240 426 3322 ipsa
450 3239 594 3301 Treutha
618 3238 776 3319 justiciam
800 3236 964 3300 faciemus.
1179 3246 1183 3252 '

323 3363 400 3425 item
419 3363 569 3424 Marenus
585 3376 694 3424 contra
712 3362 913 3424 Anthonium
927 3362 1071 3424 secundo
1082 3362 1198 3424 citatus
1213 3380 1280 3424 non
1293 3361 1487 3444 comparuit.

324 3468 402 3530 Item
420 3468 582 3530 Johannes
594 3483 706 3530 contra
723 3468 902 3550 Georgium
918 3467 1063 3531 secundo
1079 3468 1193 3531 citatus
1208 3487 1276 3530 non
1292 3468 1486 3550 comparuit.

323 3574 400 3636 item
425 3574 550 3635 Blasius
574 3588 662 3636 actor
685 3575 822 3637 existens
846 3589 956 3636 contra
974 3575 1174 3658 Stephanum
1198 3594 1264 3638 non
1289 3576 1486 3658 comparuit,

220 3699 297 3762 ergo
321 3700 448 3742 causam
474 3680 613 3762 perdidit
637 3695 668 3743 et
691 3695 738 3743 est
761 3682 927 3743 convictus
951 3682 983 3744 in
1008 3682 1046 3743 111
1071 3682 1187 3764 pensis.

326 3804 403 3866 Item
428 3805 541 3866 Marko
565 3804 806 3867 molendinator
828 3820 938 3867 contra
955 3806 1127 3868 Nicolaum
1148 3819 1239 3868 actor
1262 3806 1486 3871 existensnon

219 3910 409 3991 comparuit.

323 4015 399 4077 item
425 4015 570 4096 Dragech
599 4031 629 4079 et
662 4016 782 4078 Petheu
814 4030 925 4078 contra
956 4016 1103 4079 Matheus
1132 4017 1277 4080 secundo
1296 4016 1386 4081 citati
1416 4036 1484 4083 non

216 4135 473 4202 comparuerunt.

311 4355 408 4430 Feria
437 4360 544 4431 tercia
571 4360 833 4465 proximante
861 4359 984 4431 festum
1011 4361 1226 4433 ascensionis
1254 4361 1391 4434 domini.

749 4507 815 4589 (25.
846 4510 944 4589 mair).

321 4649 429 4712 Primo
462 4649 609 4712 Elizahet
643 4649 760 4712 mulier
791 4630 901 4713 contra
925 4670 975 4713 ser
1006 4653 1218 4716 Benedictum
1249 4654 1356 4737 primo
1388 4655 1486 4720 citata

216 4773 281 4816 non
308 4756 498 4838 comparuit.
