3398 5364
597 370 684 427 Anno
707 365 797 445 1387.
824 403 862 411 —
892 383 944 444 29.
967 370 1095 430 octobris.
1423 389 1486 452 ²79

324 579 402 641 Item
428 580 580 663 Peterlyn
605 592 714 641 contra
747 579 917 640 dominum
950 579 1212 642 archidiaconum
1237 581 1342 661 primo
1374 581 1487 643 citatus

216 707 284 748 non
310 687 501 769 comparuit.

324 794 405 857 Item
430 794 533 875 Cigan
560 807 671 856 contra
696 794 866 856 mulierem
891 793 1025 856 Luciam
1042 796 1148 876 primo
1172 796 1286 858 citatus
1310 816 1375 858 non
1400 816 1484 859 com·

213 903 334 985 paruit.

323 1008 403 1070 Item
427 1007 538 1071 Guran
563 1021 674 1069 contra
698 1007 847 1069 Nicolam
870 1007 976 1091 primo
1001 1009 1115 1070 citatus
1139 1028 1204 1071 non
1228 1010 1418 1092 comparuit.

322 1115 402 1176 item
426 1115 578 1176 Herricua
601 1127 716 1176 octavo
741 1114 792 1175 die
816 1128 926 1177 contra
952 1116 1039 1199 Span
1063 1117 1280 1199 respondebit.
1344 1178 1347 1185 .

323 1222 403 1283 ltem
437 1220 571 1304 Gyuran
595 1234 706 1283 contra
731 1222 860 1283 Petrum
885 1224 990 1305 primo
1015 1224 1128 1285 citatus
1152 1243 1218 1285 non
1243 1225 1433 1306 comparuit.

324 1328 405 1390 Item
429 1328 592 1390 iohannes
629 1340 739 1388 contra
772 1326 929 1410 Gurgiam
960 1330 1130 1391 mulierem
1161 1343 1276 1392 octavo
1308 1329 1359 1392 die
1391 1344 1486 1393 testes

216 1435 395 1518 producere
420 1433 524 1497 debet.

325 1542 405 1604 Item
428 1540 632 1623 Margaretha
650 1541 766 1603 mulier
788 1553 902 1602 octavo
927 1541 979 1603 die
995 1542 1094 1603 tercio
1117 1563 1150 1604 se
1175 1562 1270 1625 super
1293 1562 1333 1605 eo
1357 1542 1485 1624 jurabit,

218 1648 308 1731 quod
333 1649 402 1731 ipsa
426 1647 590 1730 quandam
615 1662 720 1709 cutem
745 1667 811 1709 non
835 1648 1049 1709 subtraxisset.

232 1871 331 1945 Feria
359 1874 465 1946 tercia
494 1875 650 1962 proxima
678 1886 755 1962 post
782 1872 908 1944 festum
935 1871 1110 1942 beatorum
1138 1871 1284 1943 Simonis
1312 1879 1344 1942 et
1372 1872 1459 1962 Jude

730 1996 969 2085 apostolorum.

735 2152 798 2227 (29.
822 2150 963 2224 octobris).

322 2292 401 2353 ltem
426 2293 537 2354 Petrus
570 2291 669 2353 decan
702 2305 811 2353 contra
836 2291 912 2352 Ivan
944 2290 1134 2352 secundario
1167 2291 1281 2354 citatus
1304 2311 1370 2353 non
1396 2311 1483 2354 com·

215 2400 333 2482 paruit.

323 2505 401 2567 Item
434 2523 528 2566 causa
562 2503 733 2586 Gyurgech
771 2518 880 2566 contra
913 2504 987 2565 ivan
1020 2518 1051 2566 et
1087 2505 1287 2566 Anthonium
1321 2506 1483 2568 literatum

215 2614 391 2693 Ozmonog
416 2611 456 2673 ad
481 2624 555 2672 octo
580 2610 648 2672 dies
671 2610 712 2671 ad
737 2629 849 2692 pacem
873 2625 919 2671 est
944 2624 1079 2692 recepta.
1420 2688 1426 2704 υ

324 2721 402 2782 item
426 2718 573 2780 Thomas
595 2717 769 2779 Wlkanich
803 2731 912 2779 contra
938 2716 1134 2799 Gregorium
1167 2717 1347 2801 voy(s)char
1378 2719 1483 2801 primo

213 2829 330 2891 citatus
356 2845 421 2887 non
446 2825 636 2907 comparuit.

322 2933 399 2994 Item
425 2929 550 2993 Blaaich
573 2943 682 2992 contra
700 2931 866 2992 Vrbanum
891 2931 995 3011 primo
1020 2931 1133 2993 citatus
1157 2951 1222 2994 non
1247 2932 1436 3014 comparuit.

324 3039 402 3101 Item
427 3057 520 3099 cauea
546 3037 645 3099 Marci
673 3037 845 3099 Blanchich
870 3051 978 3099 contra
1008 3038 1156 3120 Peterlyn
1181 3038 1222 3100 ad
1246 3052 1319 3100 octo
1343 3039 1412 3100 dies
1435 3053 1482 3100 eat

213 3158 396 3230 prorogata.

323 3252 402 3313 Item
435 3270 530 3312 causa
562 3249 687 3311 Nicolai
721 3265 830 3312 contra
864 3249 997 3333 Gyuran
1030 3250 1070 3313 ad
1099 3263 1172 3313 octo
1205 3251 1273 3312 dies
1297 3251 1336 3313 ad
1369 3272 1481 3335 pacem

213 3373 261 3422 eat
286 3358 400 3442 posita.

322 3465 402 3527 ltem
426 3464 534 3525 relicta
558 3462 633 3524 ivan
659 3476 769 3524 contra
793 3463 907 3545 Vyden
932 3464 1037 3546 primo
1067 3465 1159 3526 citata
1193 3484 1258 3526 non
1279 3447 1480 3549 comparuit.

324 3572 403 3633 Item
428 3571 540 3633 Simon
566 3583 680 3632 octavo
706 3570 757 3631 die
782 3570 880 3632 tercio
904 3591 937 3631 se
962 3590 1057 3651 super
1089 3591 1127 3632 eo
1152 3570 1279 3651 jurabit,
1304 3573 1392 3653 quod
1419 3573 1478 3634 Mi-

212 3682 322 3744 cusius
346 3678 484 3741 condam
510 3677 605 3759 judex
630 3674 746 3739 Jofano
771 3697 828 3759 pro
857 3691 930 3739 octo
962 3678 1076 3739 marcis
1107 3678 1234 3739 debitor
1257 3697 1323 3739 non
1358 3677 1479 3742 fuisset.

323 3787 401 3849 item
426 3804 519 3847 causa
544 3784 673 3846 Thome
704 3797 812 3846 contra
838 3784 1038 3846 Anthonium
1063 3786 1103 3845 ad
1135 3805 1246 3866 pacem
1272 3800 1319 3846 est
1341 3799 1479 3868 recepta.

322 3892 398 3954 Item
424 3911 517 3953 causa
535 3891 683 3972 Agustini
708 3905 817 3952 contra
843 3889 1021 3972 Georgium
1045 3905 1185 3953 sutorem
1212 3911 1312 3974 usque
1338 3891 1377 3953 ad
1402 3913 1479 3954 ven·

210 4015 281 4062 tum
307 3998 478 4060 dominum
495 3998 687 4059 Michaelem
705 3996 940 4077 suffraganeum
954 4012 1000 4060 est
1018 4014 1199 4081 prorogata,
1223 3999 1384 4060 racionem
1404 4018 1478 4060 cum

213 4107 284 4189 ipso
309 4124 429 4187 ponere
454 4124 549 4186 super
572 4103 715 4186 quodam
740 4104 826 4165 vino.

320 4212 400 4274 Item
425 4212 511 4273 Kusa
536 4211 653 4272 mulier
678 4224 787 4272 contra
813 4209 1045 4291 Margaretham
1072 4224 1186 4272 octavo
1210 4211 1262 4272 die
1286 4225 1382 4273 testes
1405 4230 1477 4293 pro·

212 4320 330 4382 ducere
355 4318 461 4380 debet.

318 4425 396 4488 item
421 4424 555 4507 Gyuran
578 4437 688 4486 contra
713 4422 842 4486 Petrum
874 4425 1015 4485 secundo
1051 4425 1164 4487 citatus
1195 4445 1259 4487 non
1285 4426 1477 4508 comparuit.

318 4532 395 4594 Item
432 4530 585 4595 Scitarich
622 4545 732 4593 contra
769 4531 898 4593 Petrum
934 4530 1071 4610 juratum
1113 4533 1216 4613 primo
1260 4532 1373 4593 citatus
1409 4551 1474 4594 non

211 4639 403 4721 comparuit.

318 4745 396 4807 Item
421 4746 509 4827 quod
534 4746 609 4827 quia
634 4745 743 4806 multis
766 4744 965 4826 temporibus
988 4745 1151 4806 retroactis
1175 4743 1286 4808 fratres
1311 4745 1475 4807 Heremite

211 4864 321 4914 contra
346 4851 512 4914 dominam
539 4851 740 4913 Franciacam
763 4870 859 4933 super
883 4851 1025 4932 quodam
1050 4865 1240 4914 testamento
1265 4853 1353 4914 litem
1378 4851 1475 4914 habe·
