3404 5362
545 404 631 461 Anno
655 417 751 482 1390.
777 438 818 448 —
842 419 893 466 20.
917 407 998 466 maii.
1342 427 1401 489 325

111 493 320 515 §g-

243 612 320 673 ltem
345 659 406 676 ...
432 628 542 676 contra
566 612 695 677 fratrem
719 634 813 677 suum
838 627 952 678 octavo
977 615 1029 678 die
1054 617 1271 699 respondebit.

246 718 322 779 Item
345 718 464 780 lwania
489 732 599 782 contra
624 719 818 803 Gregorium
834 721 940 803 primo
965 722 1058 784 citata
1083 742 1147 784 non
1168 725 1358 807 comparuit.

245 825 322 885 Item
347 873 407 888 ...
432 840 543 888 contra
567 827 691 889 Jursam
716 826 820 910 primo
845 827 958 889 citatus
989 847 1054 890 non
1087 829 1277 912 comparuit.

246 932 321 993 Item
340 932 454 994 Petrus
470 932 571 995 decan
589 947 700 996 contra
718 934 861 995 Marcum
878 933 984 1016 prImo
1000 934 1114 997 citatus
1128 955 1193 998 non
1211 938 1402 1019 comparuit.

244 1037 322 1099 Item
432 1053 541 1101 contra
566 1040 724 1101 Marinum
748 1039 938 1101 secundario
963 1041 1077 1102 citatus
1112 1060 1177 1103 non
1210 1043 1399 1125 comparuit.

247 1143 324 1205 Item
350 1193 410 1208 ...
434 1158 545 1207 contra
570 1145 733 1208 Thomam
757 1146 948 1208 secundario
979 1146 1093 1208 citatus
1120 1167 1185 1208 non
1211 1148 1401 1230 comparuit.

243 1251 319 1312 Item
345 1251 459 1313 Petrus
482 1252 599 1333 longus
623 1266 655 1314 et
679 1252 805 1314 Malech
834 1266 989 1334 tanquam
1013 1266 1108 1315 testes
1132 1269 1245 1315 octavo
1270 1254 1322 1315 die
1347 1253 1401 1316 de·

75 1339 114 1401 b
125 1370 215 1419 ent
226 1359 288 1420 dici
303 1359 442 1440 qualiter
460 1407 467 1421 .
486 1408 492 1422 .
510 1406 517 1421 .
543 1360 626 1421 iuter
643 1358 836 1441 Gregorium
851 1359 1006 1442 voyschar
1023 1374 1054 1421 et
1067 1358 1259 1442 Gregorium
1274 1361 1401 1442 Angeli.

241 1465 320 1527 Item
337 1464 525 1548 (Iohannes)
550 1484 612 1527 una
644 1485 717 1527 cum
742 1464 882 1528 Bedicha
914 1485 1015 1547 usque
1039 1479 1113 1529 octo
1145 1465 1214 1527 dles
1238 1466 1401 1528 racionem

70 1553 218 1631 inter
240 1592 273 1633 se
297 1571 429 1655 (ponere
454 1572 595 1655 debent).

240 1677 318 1741 Item
337 1679 504 1741 Elizabeth
519 1680 626 1762 puella
641 1679 706 1741 filia
723 1680 798 1741 Ivan
812 1679 886 1741 dicti
899 1680 1010 1741 Petren
1025 1679 1065 1741 ad
1074 1692 1215 1741 nostram
1233 1679 1398 1741 veniendo

63 1786 333 1849 presenciam
359 1800 406 1848 est
436 1784 581 1848 confessa
613 1787 645 1847 in
678 1785 761 1847 hunc
794 1786 938 1864 modum,
971 1785 1059 1867 quod
1092 1785 1282 1847 Valentinus
1313 1783 1397 1847 filius

61 1874 91 1934 J
102 1889 287 1953 ohannis
311 1893 371 1954 sibi
397 1893 436 1955 de
454 1893 610 1955 universis
627 1895 721 1955 rebus
737 1906 767 1954 et
792 1894 885 1954 bonis
900 1893 959 1954 sibi
984 1913 1040 1974 per
1057 1906 1191 1954 matrem
1216 1893 1397 1954 commissis

59 1987 273 2060 plenarie
316 2014 345 2060 et
377 2000 599 2061 omnimodam
631 1998 884 2061 satisfaccionem
917 2000 1131 2083 inpendisset,
1162 2020 1239 2082 ymo
1272 2001 1394 2061 curiam

59 2106 197 2170 que
228 2106 287 2167 sibi
321 2105 396 2167 dare
430 2107 607 2183 tenebatur,
639 2125 695 2189 per
726 2106 836 2168 omnia
869 2105 1106 2168 extradedisset.
1144 2105 1246 2187 Super
1279 2105 1397 2186 quibus

57 2211 284 2274 Omnibus
307 2214 471 2295 premissis
494 2213 562 2295 ipsa
581 2213 747 2274 Elizabeth
763 2213 867 2296 ipsum
884 2213 1092 2275 Valentinum
1117 2224 1148 2273 et
1172 2232 1247 2273 suos
1264 2210 1399 2272 heredes

56 2317 89 2356 ¹⁸
95 2316 272 2381 eddidit
295 2319 423 2401 penitus
440 2319 635 2402 expeditum.

237 2426 315 2489 Item
346 2446 441 2488 causa
465 2427 634 2488 Laurentii
668 2439 777 2488 contra
812 2425 998 2488 bartholum
1031 2446 1131 2507 usque
1164 2439 1237 2488 octo
1261 2424 1330 2486 dies
1355 2422 1396 2485 ad

54 2528 155 2589 Pa
165 2549 241 2593 cem
267 2547 314 2596 est
338 2546 476 2615 recepta.

236 2639 313 2700 Item
349 2639 458 2701 relicta
494 2638 640 2722 Mathyas
674 2654 785 2701 contra
825 2638 1025 2722 Mychaelem
1063 2639 1168 2721 primo
1201 2638 1294 2699 citata
1328 2656 1396 2699 non

55 2739 319 2827 comparuit.

236 2851 312 2913 ltem
338 2851 511 2934 Ozmonog
536 2867 645 2915 contra
670 2853 808 2914 Borkam
841 2853 945 2933 primo
970 2853 1083 2914 citatus
1112 2872 1177 2914 non
1201 2850 1391 2934 comparuit.

237 2958 314 3022 Item
339 2978 433 3020 causa
458 2959 607 3021 Delasich
632 2973 741 3021 contra
768 2959 916 3040 Magdich
940 2979 1041 3040 usque
1066 2972 1138 3020 octo
1163 2959 1231 3021 dies
1256 2973 1302 3020 est
1320 2977 1394 3039 pro-

60 3052 251 3143 rogata.

91 3249 107 3262 .
237 3171 313 3235 Item
338 3173 425 3254 juxta
450 3173 685 3236 continenciam
710 3173 874 3235 literarum
907 3173 1063 3253 regalium
1097 3186 1128 3234 et
1152 3173 1220 3233 eius
1244 3171 1395 3233 commis·

59 3262 254 3338 ⁸'Quem
278 3279 455 3360 quemdam
480 3278 617 3340 Iundum
642 3299 697 3340 seu
730 3278 865 3340 domum
889 3278 1026 3340 condam
1052 3277 1228 3360 Mychaelis
1253 3277 1394 3359 episcopi

67 3351 364 3448 stridonensis
387 3387 545 3468 Agustino
562 3386 718 3447 sacerdoti
742 3384 1015 3466 adjudicavimus;
1040 3404 1167 3446 causam
1192 3396 1299 3445 autem
1325 3403 1395 3465 pre-

66 3473 258 3554 ‘nissam
285 3492 410 3574 Gallus,
434 3492 618 3555 Anthonius
635 3505 666 3554 et
682 3491 835 3553 Nicolaus
858 3491 1008 3553 Delasich
1033 3492 1073 3552 ad
1099 3492 1248 3572 antiquos
1272 3490 1394 3573 judices

67 3581 342 3678 appellarunt.

235 3705 313 3768 ltem
339 3726 432 3768 causa
458 3704 607 3788 Gregorii
639 3703 795 3788 voyschar
819 3717 928 3766 contra
954 3703 1081 3766 Mikech
1115 3703 1264 3784 Magdich
1291 3723 1394 3785 usque

73 3794 203 3872 “cto
227 3812 295 3875 dies
318 3812 359 3874 ad
383 3832 495 3896 pacem
520 3827 566 3874 est
591 3825 727 3895 recepta.

236 3919 314 3982 Item
337 3921 406 3982 Kus
428 3920 514 3983 ribar
537 3938 639 4000 usque
656 3920 741 3980 diem
767 3918 965 3979 dominicum
983 3918 1127 3999 proxime
1152 3930 1321 3979 venturum
1340 3935 1393 3976 sex

79 3989 198 4087 flos,
222 4026 395 4088 castellano
428 4025 467 4088 de
493 4025 615 4088 Chicha
646 4026 770 4087 solvere
803 4024 915 4101 debet;
942 4025 1008 4107 ipse
1040 4039 1147 4086 autem
1174 4026 1241 4085 Kus
1274 4023 1392 4083 dictam

82 4117 257 4194 c‘lusam
282 4132 322 4194 ad
346 4133 498 4215 antiquos
521 4132 644 4215 judices
668 4132 852 4215 appellavit.

233 4350 330 4424 lesia
359 4359 457 4425 sexta
486 4356 641 4442 proxima
669 4361 747 4425 ante
775 4353 895 4425 festum
925 4353 1020 4423 beate
1048 4352 1145 4424 Eleae
1173 4353 1294 4440 regine.

664 4506 728 4582 (20.
759 4504 854 4581 maii).

235 4648 313 4709 Item
330 4646 483 4710 Nicolaus
499 4646 602 4709 dictus
627 4645 744 4729 Iglicha
769 4666 825 4730 per
842 4646 972 4708 evidens
988 4646 1209 4708 testimonium
1234 4658 1264 4707 et
1289 4643 1389 4705 eciam

88 4737 189 4810 Der
210 4752 315 4816 literas
338 4754 378 4815 de
403 4754 625 4815 Jaztrebarzka
650 4753 682 4814 id
706 4753 927 4835 comprobavit
944 4753 1111 4835 quomodo
1128 4752 1233 4835 ipsum
1258 4748 1390 4832 quidam

91 4822 353 4925 Teutonici..
377 4860 507 4944 trigInta
524 4860 651 4922 duobus
675 4859 744 4921 flor.
769 4859 968 4942 spoliassent.
