3404 5362
446 393 532 449 Anno
556 387 648 467 1383.
675 425 714 433 —
739 403 786 466 17.
816 389 929 465 aprilis.
1266 413 1321 474 195

62 605 260 667 Benedictus
284 619 314 667 et
337 605 489 666 Nicolaus
512 601 676 664 carnifices
699 615 730 664 et
748 601 928 685 Stephanus
951 604 1080 665 sellator
1105 606 1326 666 vulnerassent

55 727 88 774 et
114 714 343 775 verberassent.

163 818 242 880 Item
276 839 370 880 causa
395 817 524 880 Thome
555 817 648 900 jurati
674 828 783 877 contra
808 815 980 877 Nicolaum
1005 816 1146 898 Myndoi
1175 817 1214 879 ad
1239 831 1325 880 octa·

53 944 132 985 vum
158 924 245 985 diem
270 924 309 984 ad
334 944 447 1006 pacem
472 939 518 985 est
542 935 678 1006 recepta.

167 1030 245 1091 Item
271 1031 438 1093 Emericus
466 1051 600 1113 arcupar
632 1043 741 1091 contra
774 1029 953 1090 iohannem
979 1027 1113 1110 figulum
1146 1030 1251 1112 primo
1283 1030 1325 1092 ci·

55 1150 143 1198 tatus
168 1157 232 1198 non
259 1138 448 1219 comparuit.

167 1244 244 1304 Item
281 1263 374 1304 causa
410 1243 477 1304 IIka
513 1244 657 1305 mulieris
692 1258 802 1305 contra
836 1242 1030 1324 Gregorium
1065 1242 1264 1305 Chudauech
1297 1258 1327 1306 et

57 1350 258 1432 Stephanum
284 1350 324 1411 ad
349 1363 498 1412 octavum
524 1350 611 1412 diem
636 1350 675 1411 ad
700 1370 812 1432 pacem
837 1365 883 1411 est
907 1366 1043 1431 recepta.

166 1457 243 1518 Item
262 1477 354 1518 causa
370 1457 517 1519 Ceuetko
535 1470 644 1518 contra
657 1456 850 1538 Gregorium
866 1456 1064 1518 Chudauech
1079 1470 1109 1518 et
1127 1457 1326 1539 Stephanum

59 1564 98 1625 ad
125 1579 276 1625 octavum
301 1563 387 1625 diem
413 1563 453 1624 ad
478 1582 590 1645 pacem
615 1575 662 1624 est
685 1576 821 1645 recepta.

168 1669 246 1731 Item
273 1670 427 1731 Nicolaus
458 1669 676 1751 carpentarius
707 1682 818 1731 contra
850 1669 1061 1730 Benedictum
1087 1668 1248 1732 Gallicum
1280 1692 1327 1733 se·

62 1777 169 1838 tundo
207 1776 321 1838 citatus
345 1795 410 1837 non
443 1777 632 1858 comparuit.

166 1883 245 1944 Item
264 1882 432 1944 LadisIaus
455 1883 538 1944 tular
562 1897 671 1944 contra
697 1882 833 1943 Paulum
858 1879 983 1943 fabrum
1008 1883 1114 1964 primo
1132 1884 1245 1946 citatus
1262 1905 1327 1947 nou

65 1990 254 2070 comparuit.

169 2096 246 2158 Item
272 2096 387 2157 Paulas
411 2110 521 2158 contra
546 2096 661 2178 Elyam
685 2096 828 2158 secundo
856 2096 969 2159 citatus
992 2116 1057 2158 non
1082 2099 1272 2179 comparuit.
1349 2102 1353 2109 '

170 2202 247 2263 Item
274 2202 420 2263 Thomas
436 2202 521 2264 filius
539 2202 680 2264 Beniche
697 2222 755 2284 pro
774 2203 905 2264 vulnere
924 2203 1037 2265 Briccii
1054 2204 1211 2265 sellatoris
1228 2225 1328 2286 usque

66 2309 244 2390 quIndenas
268 2309 347 2370 duas
371 2328 495 2371 marcas
519 2323 550 2371 et
573 2322 702 2371 centum
728 2309 876 2371 denarios
900 2310 1025 2371 solvere
1050 2311 1155 2372 debet.

169 2416 246 2477 Item
273 2415 384 2477 Petrus
409 2415 512 2476 dictus
536 2415 744 2477 Mathkouich
775 2416 875 2477 tercIo
899 2436 931 2476 se
956 2429 1070 2477 octavo
1096 2416 1147 2477 die
1170 2437 1265 2500 super
1290 2438 1328 2481 eo

64 2520 193 2601 jurabit,
218 2521 305 2603 quod
331 2505 397 2603 ipse
428 2541 560 2583 uxorem
593 2522 749 2583 Iohannis
773 2543 838 2584 non
870 2523 1079 2604 vituperasset
1110 2544 1146 2584 ac
1170 2525 1271 2587 eciam
1296 2525 1328 2587 in

62 2628 206 2710 quodam
232 2626 396 2689 furticInIo
421 2628 576 2689 innocens
599 2628 648 2689 sit.

168 2733 246 2795 Item
274 2733 349 2795 licet
374 2734 463 2795 Leon
488 2733 653 2814 quoddam
670 2734 830 2795 scrineum
856 2734 995 2797 MartIno
1020 2735 1177 2817 Hungaro
1195 2736 1330 2817 dederit,

58 2850 171 2902 tamen
198 2841 272 2922 quia
297 2860 361 2901 non
388 2839 447 2901 fuit
475 2860 580 2919 suum,
605 2840 678 2901 ideo
710 2839 816 2900 eidem
842 2841 981 2902 Martino
1014 2841 1088 2903 dare
1113 2862 1178 2903 non
1203 2843 1329 2925 potuit3

55 2943 149 3010 idern
175 2960 283 3009 autem
309 2947 465 3008 MartInus
482 2946 598 3008 dictam
624 2966 751 3008 causam
770 2945 810 3006 ad
827 2947 977 3028 antiquos
998 2947 1120 3029 judices
1144 2950 1329 3031 appellavit.

124 3183 223 3258 FerIa
252 3194 351 3257 sexta
379 3187 534 3275 proxima
563 3193 641 3257 aute
670 3186 792 3257 testum
821 3185 910 3257 beati
940 3185 1072 3274 Georgii
1101 3190 1266 3260 martiris.

586 3337 648 3418 (17.
673 3336 804 3419 aprilis.)

172 3479 250 3542 Item
276 3479 355 3562 (per)
379 3492 474 3541 testes
497 3479 614 3561 (causa)
633 3480 722 3542 Pauli
748 3479 877 3561 pictoris
902 3493 1010 3541 contra
1036 3480 1235 3562 Stephanum
1260 3482 1328 3544 Rez

41 3589 100 3650 ad
128 3599 280 3648 octavum
305 3585 390 3647 diem
416 3585 456 3646 ad
480 3606 590 3667 pacem
616 3599 662 3647 est
687 3599 822 3667 recepta.

172 3693 251 3753 Item
276 3712 369 3754 causa
401 3692 556 3754 Iohannis
587 3705 696 3753 contra
730 3691 906 3753 Henricum
933 3692 972 3753 ad
997 3708 1146 3755 octavum
1178 3693 1264 3756 diem
1289 3695 1329 3755 ad

40 3810 180 3871 pacem
206 3811 252 3859 est
275 3811 411 3880 recepta.

174 3902 251 3964 Item
284 3903 414 3965 domina
439 3923 570 3966 consors
597 3904 740 3966 Cristlini
773 3917 882 3966 contra
912 3904 1078 3966 dominam
1110 3906 1252 3967 relictam
1277 3907 1332 3968 Ni·
1403 3950 1406 3955 -

36 4011 149 4075 colai
175 4008 233 4070 rufi
257 4011 363 4092 primo
387 4011 480 4073 citata
505 4030 569 4072 non
595 4011 782 4093 comparuit.

177 4116 253 4177 Item
279 4136 373 4178 causa
398 4117 552 4179 Iohannis
578 4119 672 4180 Liber
697 4132 805 4179 contra
828 4118 983 4201 Zekyrich
1008 4118 1047 4178 ad
1073 4131 1222 4179 octavum
1247 4119 1332 4181 diem

36 4228 100 4289 ad
130 4243 244 4306 pacem
270 4237 316 4286 est
339 4239 475 4308 recepta.

176 4330 251 4391 Item
277 4330 460 4392 Anthonius
493 4331 625 4414 Jursych
657 4344 766 4393 contra
792 4331 994 4414 Mychaelem
1019 4329 1185 4413 Ortoflych
1218 4343 1332 4392 octavo

38 4434 116 4502 die
146 4435 362 4518 respondebit.

178 4542 256 4604 Item
281 4544 404 4627 Symon
433 4545 577 4607 literatus
609 4558 717 4606 contra
751 4544 887 4606 Paulum
918 4558 1059 4605 sutorem
1083 4542 1188 4625 primo
1220 4541 1334 4605 citatus

42 4659 132 4714 non
156 4649 347 4731 comparuit.

176 4754 252 4817 Item
279 4754 439 4837 Georgius
464 4757 703 4819 molendinator
724 4772 833 4819 contra
858 4757 1040 4819 Iohannem
1064 4756 1202 4835 juratum
1220 4770 1334 4817 octavo

48 4859 119 4926 die
146 4862 365 4945 respondebit.
1213 4953 1229 4987 ῃ
