3398 5364
349 1263 496 1362 (Anno
525 1261 707 1355 Domini
736 1259 1032 1361 MCCCLXXV).

533 1445 649 1522 (Mens.
662 1442 842 1521 sarman).

141 1578 152 1628 s
164 1616 229 1665 tem
255 1603 453 1684 Dragozlaus
476 1603 627 1682 Bedicha,
651 1602 730 1665 iuan
754 1605 834 1682 Noa,
855 1617 965 1666 contra
990 1603 1183 1686 Gregorium
1207 1624 1319 1668 voscar

143 1678 155 1732 d
187 1722 302 1771 octavo
326 1709 378 1770 die
402 1709 653 1792 respondebunt.

63 1923 167 1986 filium
190 1923 316 1985 Nicoiai
340 1924 446 2006 primo
470 1924 564 1985 citata
588 1943 654 1985 non
679 1923 869 2005 comparuit.

170 2029 247 2091 Item
274 2028 429 2091 Salomon
454 2043 563 2091 contra
588 2029 729 2091 Brumen
753 2042 868 2091 octavo
892 2028 944 2090 die
968 2029 1186 2112 respondebit.

170 2137 247 2197 Item
272 2136 369 2197 luana
393 2148 504 2198 contra
528 2136 664 2197 luanum
687 2134 876 2198 Kouachich
900 2149 1015 2200 octavo
1043 2135 1095 2198 die
1111 2135 1330 2219 respondebit.

169 2243 246 2304 Item
281 2242 439 2304 Janchech
472 2256 502 2305 et
534 2242 716 2324 Stephanus
746 2241 906 2304 aurifaber
937 2262 1064 2305 causam
1094 2242 1269 2326 Mychaelis
1300 2255 1332 2304 et

63 2349 174 2411 Jacobi
199 2346 345 2431 pellificis
369 2347 410 2409 ad
434 2361 507 2410 octo
532 2347 600 2409 dies
622 2347 661 2409 ad
686 2368 799 2432 pacem
822 2361 1021 2431 receperunt.

170 2455 247 2516 Item
265 2454 431 2516 Emericus
452 2468 562 2516 contra
576 2453 756 2537 Georgium
774 2453 954 2538 Mykouche
972 2467 1004 2517 et
1020 2453 1213 2538 Dyonisium
1231 2454 1331 2516 Pazar

62 2574 177 2623 octavo
202 2560 254 2622 die
278 2560 495 2643 respondebit.

170 2666 247 2728 Item
270 2665 424 2728 Nicolaus
448 2679 557 2727 contra
581 2664 829 2728 Chuethkonern
854 2678 967 2728 octavo
992 2666 1043 2728 die
1067 2666 1287 2749 respondebit.

169 2773 247 2834 item
272 2792 366 2834 causa
391 2771 570 2835 Clementis
593 2784 624 2833 et
645 2771 718 2854 Vyd
745 2771 876 2833 sartoris
907 2785 954 2834 est
982 2791 1040 2855 per
1064 2770 1223 2833 Janchech
1248 2771 1331 2833 auri·

62 2878 190 2941 fabrum
215 2878 255 2940 ad
279 2891 352 2940 octo
376 2877 445 2940 dies
469 2890 595 2960 recepta
619 2876 659 2939 ad
683 2897 806 2959 pacem.

170 2985 247 3046 item
270 2984 451 3067 Stephanus
474 2982 560 3045 filius
576 2983 706 3046 Martini
728 2983 807 3046 feria
830 2996 916 3046 sexta
935 2984 1159 3067 comprobabit
1174 3002 1231 3067 per
1247 2983 1332 3046 Mar·

61 3091 228 3174 garatham
253 3089 396 3150 relictam
421 3089 488 3167 luir,
513 3088 615 3151 Cursa
632 3089 924 3152 molendinatorem
942 3105 973 3152 et
989 3091 1097 3153 Mathe
1121 3089 1224 3152 filiurn
1242 3091 1332 3151 Jurse

62 3197 153 3279 figuli
171 3216 266 3278 super
283 3214 332 3274 eo,
350 3194 438 3276 quod
455 3195 523 3277 ipse
537 3215 611 3257 cum
625 3196 715 3258 Marlr
731 3215 845 3279 pacem
861 3194 1010 3259 fecissent
1027 3210 1058 3261 et
1074 3195 1332 3260 concordassent.

170 3301 248 3363 Item
272 3315 387 3362 octavo
404 3300 456 3363 die
475 3300 667 3363 Benedictus
692 3302 884 3386 Mosnarych
901 3324 934 3365 se
950 3303 1067 3364 tercius
1090 3301 1207 3383 jurabit
1223 3314 1332 3363 contra

63 3409 246 3471 iohannem
271 3406 410 3470 Chemer
434 3407 523 3488 quod
548 3407 653 3489 ipsum
677 3408 783 3470 verbis
807 3408 954 3489 turpibus
977 3427 1043 3469 non
1068 3405 1232 3470 affecisset.

171 3512 250 3575 Item
275 3513 404 3574 Prizora
428 3525 538 3575 contra
563 3514 671 3576 Petres
694 3513 837 3576 secundo
866 3514 959 3576 citata
984 3533 1049 3575 non
1075 3513 1265 3594 comparuit.

172 3619 252 3682 item
275 3617 384 3681 Mathe
417 3632 506 3680 sutor
537 3631 647 3681 contra
682 3618 882 3703 Mychaelem
916 3618 1056 3702 juratum
1088 3618 1333 3704 primoacitatus

60 3747 130 3790 non
157 3725 349 3809 comparuit.

171 3833 250 3894 Item
273 3830 432 3913 Georgius
456 3843 565 3893 contra
590 3830 788 3912 Stephanum
812 3843 926 3893 octavo
951 3831 1003 3893 die
1027 3830 1244 3915 respondebit.

173 3938 249 4000 item
275 3938 397 4020 Symon
422 3935 509 3999 filius
533 3937 617 4020 Zyrk
641 3950 751 3999 contra
773 3936 938 3999 Andream
963 3937 1105 4000 secundo
1130 3937 1244 3999 citatus
1267 3957 1332 3998 non

60 4045 257 4126 comparuit.

172 4152 251 4213 Item
275 4151 427 4214 Clemens
451 4163 561 4212 contra
585 4150 720 4212 luanum
744 4151 885 4212 secundo
910 4150 1023 4212 citatus
1047 4170 1112 4211 non
1144 4148 1334 4230 comparuit.
1374 4160 1378 4170 ’

172 4258 249 4319 Item
275 4256 415 4339 quedam
432 4257 548 4318 mulier
572 4257 611 4317 de
635 4257 727 4319 Nova
743 4257 819 4318 villa
841 4272 952 4319 contra
977 4256 1188 4319 Benedictum
1206 4255 1333 4316 Mosna-

58 4365 145 4451 rych
169 4365 265 4426 actrix
291 4364 429 4426 existens
452 4383 517 4424 non
542 4363 721 4446 comparuit
744 4383 802 4425 nec
826 4365 921 4426 misit.

172 4471 250 4532 item
270 4469 416 4531 Thomas
428 4482 518 4531 sutor
531 4482 640 4531 contra
658 4466 768 4530 Sibich
780 4469 922 4531 secundo
936 4469 1050 4531 citatus
1063 4486 1129 4529 non
1143 4465 1333 4548 comparuit.
1385 4510 1387 4514 ι

173 4571 1334 4653 itemiuanBrathenicontraNicolaumsecundocitatusnoncomparuit.

174 4681 251 4743 Item
277 4681 423 4743 Thomas
447 4695 556 4743 contra
582 4682 719 4743 Paulum
743 4695 856 4742 octavo
881 4679 933 4741 die
957 4677 1175 4761 respondebit.

174 4787 253 4849 item
278 4787 457 4850 Peteriinus
479 4800 589 4850 contra
613 4791 741 4849 Annam
758 4785 899 4848 secundo
924 4786 1037 4847 citatus
1059 4803 1124 4845 non
1142 4783 1333 4864 comparuit.

1214 4891 1225 4933 r
