3398 5364
474 1392 623 1492 (Anno
654 1387 835 1481 Domini
863 1386 1238 1487 MCCCLXXXVII).

211 1773 308 1848 feria
335 1783 434 1848 sexta
459 1776 614 1864 proxima
642 1780 718 1863 post
745 1773 869 1845 festum
897 1771 1132 1845 decollacionis
1160 1771 1272 1843 sancti
1302 1771 1470 1861 johannis.

720 1948 786 2022 (30.
810 1945 951 2020 augustr).

316 2106 395 2168 Item
412 2103 556 2187 (Iglich)a
580 2118 689 2167 contra
713 2105 800 2167 Iwan
824 2104 929 2187 primo
954 2105 1068 2167 citatus
1091 2123 1157 2165 non
1182 2104 1377 2186 comparuit.

317 2213 397 2275 Item
426 2211 553 2274 Mikech
578 2225 687 2275 contra
716 2211 885 2274 dominum
912 2212 1040 2273 Petrum
1073 2209 1273 2273 sacerdotem
1306 2211 1412 2293 primo
1435 2208 1472 2270 ci·

210 2333 295 2383 tatus
318 2338 384 2381 non
409 2318 598 2401 comparuit.
1232 2391 1235 2394 ,

318 2426 473 2488 Item...
497 2438 607 2487 contra
631 2422 758 2486 Mikech
783 2425 888 2506 primo
914 2425 1028 2486 citatus
1051 2443 1117 2485 non
1142 2423 1335 2505 comparuit.

318 2533 396 2594 Item
421 2550 553 2593 consors
569 2531 660 2593 Pauli
685 2550 786 2612 usque
803 2531 984 2613 quindenas
1001 2531 1127 2594 Mathee
1145 2530 1270 2592 decano
1294 2550 1350 2593 sex
1365 2548 1474 2613 pensas

212 2653 244 2702 et
267 2638 430 2719 sexaginta
455 2637 605 2699 denarios
627 2637 751 2700 solvere
777 2636 883 2700 debet.

316 2745 394 2806 Item
420 2742 583 2806 Iohannes
605 2757 715 2806 contra
740 2743 951 2806 Benedictum
983 2743 1276 2806 molendinatorem
1301 2744 1408 2827 primo
1437 2743 1474 2804 ci-

211 2865 295 2914 tatus
318 2871 384 2913 non
409 2851 598 2934 comparuit.

317 2958 396 3020 Item
415 2957 552 3019 Michael
570 2956 799 3019 Stachunarich
815 2969 925 3018 contra
944 2957 1139 3039 Gregorium
1154 2956 1355 3020 aurifabrum
1373 2958 1473 3040 primo

213 3064 325 3126 citatus
349 3083 413 3125 non
440 3063 630 3146 comparuit.

319 3170 396 3231 Item
423 3169 536 3231 Simon
560 3182 670 3231 contra
695 3168 896 3231 Anthonium
921 3169 1020 3232 Renis
1037 3170 1142 3253 primo
1161 3170 1276 3234 citatus
1301 3189 1369 3232 non
1393 3188 1475 3233 com·

213 3276 329 3358 paruit.

320 3382 398 3443 Item
419 3381 565 3443 Thomas
589 3395 677 3443 sutor
708 3396 818 3444 contra
850 3380 1043 3444 Michaeletn
1074 3380 1273 3445 aurifabrum
1298 3385 1406 3467 primo
1437 3385 1477 3447 ci-

213 3501 297 3550 tatus
321 3507 387 3549 non
412 3488 603 3570 comparuit.

321 3594 398 3656 Item
428 3594 508 3655 KeIe
533 3614 604 3656 cum
630 3595 854 3656 executoribus
870 3596 1051 3658 testamenti
1075 3596 1212 3658 condam
1232 3597 1365 3660 Andree
1389 3598 1478 3659 Hun-

213 3700 280 3782 gari
306 3701 357 3761 die
383 3700 547 3763 dominico
571 3700 733 3763 racionem
758 3701 894 3763 interae
919 3701 1023 3764 facere
1048 3704 1174 3767 debent.

321 3806 400 3867 Item
429 3805 589 3888 Georgius
613 3805 697 3868 filius
722 3807 808 3868 Kusa
841 3821 955 3869 octavo
979 3808 1031 3870 die
1056 3809 1144 3871 solus
1167 3828 1263 3892 super
1287 3830 1328 3872 eo
1353 3811 1479 3893 jurabit,

216 3912 304 3993 quod
329 3931 434 3993 neque
460 3913 525 3994 ipse
558 3932 663 3994 neque
690 3913 739 3974 sui
771 3912 945 3976 familiares
976 3913 1116 3978 famulos
1149 3916 1299 3997 Gregorii
1325 3918 1480 4002 voschyar

215 4031 452 4100 percussissent.

323 4123 399 4185 Item
427 4125 536 4187 relicta
561 4126 706 4208 Dragech
732 4139 842 4188 contra
867 4127 1006 4190 eundem
1036 4128 1232 4211 Gregorium
1252 4133 1362 4215 primo
1387 4136 1480 4198 citata

216 4247 281 4289 non
306 4232 495 4312 comparuit.

322 4335 400 4398 Item
426 4337 542 4419 Iglicha
567 4350 676 4399 eontra
702 4336 833 4400 Gallum
858 4339 963 4421 primo
987 4341 1100 4403 citatus
1124 4362 1189 4404 non
1214 4349 1407 4428 comparuit.

323 4443 400 4505 Item
427 4443 530 4526 Cigan
555 4459 665 4506 contra
690 4445 891 4508 Radozlaum
925 4447 1030 4529 primo
1062 4448 1176 4511 citatus
1198 4469 1265 4512 non
1291 4455 1479 4537 comparuit.

323 4549 401 4611 Item
426 4549 602 4631 Gregorius
625 4564 656 4612 et
679 4551 833 4613 Nicolaus
862 4552 1000 4615 condam
1032 4555 1196 4617 castellani
1221 4556 1261 4618 de
1287 4557 1371 4621 OzeI
1396 4561 1479 4622 iuxta

216 4669 357 4717 nostram
388 4655 588 4736 judiciariam
621 4658 882 4720 commissionem
916 4672 946 4720 et
984 4675 1079 4741 prout
1114 4661 1213 4724 iidem
1245 4681 1481 4748 assumpserant

217 4777 326 4823 contra
353 4763 483 4823 Petrum
500 4763 628 4825 fratrem
647 4762 794 4843 Gregorii
813 4765 844 4825 in
869 4765 975 4847 primo
992 4765 1113 4846 judicio
1130 4788 1196 4831 non
1219 4786 1480 4854 comparuerunt.
