3404 5362
219 370 280 449 158
595 364 797 445 Aven01378.
823 399 864 410 -·-
888 378 936 441 15.
960 367 1088 426 octobris.

320 579 399 641 ltem
424 580 528 641 Lucas
544 579 584 641 de
602 578 673 662 Gay
698 579 843 641 lanalino
865 575 1028 639 aurifabro
1051 589 1173 659 aeptem
1197 589 1229 638 et
1253 574 1360 636 media
1379 574 1483 657 pennis

213 685 419 747 denariorum
443 699 580 763 tenetur,
604 704 685 767 quat
706 705 803 768 super
826 686 933 767 ipaum
957 682 1091 765 juridice
1115 684 1275 744 convenit.

320 791 399 853 ltem
423 791 501 855 luan
526 807 636 855 contra
661 792 813 874 Dragiam
838 790 1007 853 mulierem
1036 789 1142 872 primo
1166 790 1279 851 citatus
1302 807 1369 850 non
1395 807 1480 850 com·

214 899 330 980 paruit.

321 1004 399 1067 ltem
432 1006 496 1067 Rea
527 1019 637 1067 contra
676 1002 829 1066 Mathiam
867 1004 1051 1085 enaiparum
1086 1001 1229 1064 secundo
1269 1002 1384 1064 citatus
1418 1020 1483 1063 non

216 1112 408 1182 comparuit.

322 1217 399 1278 ltem
425 1217 531 1278 Blaaia
555 1231 665 1278 contra
689 1216 897 1279 Chutkonem
922 1214 1027 1291 primo
1062 1214 1156 1276 citata
1191 1233 1257 1275 non
1292 1212 1482 1296 comparuit.

321 1322 399 1384 Item
425 1322 531 1384 Endre
558 1323 614 1384 Sib
647 1336 758 1384 contra
782 1321 993 1383 Hreukonem
1021 1320 1127 1403 primo
1153 1321 1268 1382 citatur
1298 1339 1366 1382 non
1396 1337 1482 1381 com·

213 1428 330 1508 paruit.

318 1535 396 1597 Item
422 1535 540 1597 Paulus
565 1533 706 1596 carnifex
730 1548 840 1596 contra
865 1532 1073 1595 Katheriuam
1098 1533 1241 1595 secundo
1265 1532 1380 1594 citatus
1411 1550 1477 1593 non

215 1642 405 1723 comparuit.

319 1745 398 1807 ltem
423 1746 566 1807 Herman
591 1746 659 1828 jura
683 1746 709 1806 si
735 1764 798 1827 qua
822 1745 971 1807 habuerit
986 1759 1096 1807 contra
1122 1744 1255 1805 luanum
1280 1740 1359 1804 feria
1384 1742 1481 1804 tercia

213 1871 298 1913 nunc
322 1867 457 1915 ventura
480 1852 647 1934 producet.

319 1958 398 2019 ltem
422 1957 499 2020 luan
524 1971 634 2020 contra
659 1957 797 2019 Paulum
821 1958 932 2040 Kypar
947 1958 1053 2040 primo
1070 1958 1184 2019 citatus
1206 1975 1272 2017 non
1292 1955 1480 2036 comparuit.

318 2064 396 2125 ltem
422 2062 585 2127 Mindofer
609 2063 758 2126 Michaeli
784 2064 815 2124 in
844 2064 1019 2145 quindenis
1041 2063 1098 2125 Xll
1124 2081 1246 2124 marcas
1272 2060 1481 2124 denariorum

213 2169 367 2231 exsolvet.

319 2276 398 2338 Item
431 2278 499 2339 Kus
523 2292 554 2339 et
578 2277 724 2340 Andreas
759 2291 868 2340 contra
894 2276 1040 2358 Dragech
1064 2290 1096 2338 et
1120 2274 1275 2359 Gyurgek
1307 2275 1415 2358 primo
1439 2275 1482 2337 ci·

211 2381 267 2442 tati
293 2401 358 2443 non
383 2397 641 2465 comparuerunt.

318 2488 397 2550 Item
422 2490 529 2550 Endre
554 2504 669 2551 octavo
693 2490 745 2551 die
762 2489 936 2552 duodecim
958 2488 1105 2570 personia
1121 2487 1239 2569 jurabit
1263 2486 1295 2549 in
1320 2506 1371 2566 eo,
1390 2487 1481 2570 quod

212 2591 279 2673 ipae
305 2612 362 2653 nec
393 2613 449 2655 aua
474 2614 554 2656 uxor
590 2614 722 2657 uxorem
755 2596 876 2657 Maroni
905 2597 945 2656 ab
975 2593 1092 2656 eodem
1124 2593 1258 2656 Mareno
1282 2593 1480 2655 alienaeaent

212 2698 352 2760 consilio
376 2717 434 2760 nec
457 2697 578 2777 lavore,
604 2720 709 2781 neque
733 2701 867 2784 aliquod
900 2701 1078 2783 dampnum
1101 2700 1162 2762 tibi
1186 2700 1391 2765 intullisaent.

320 2803 398 2866 ltem
415 2805 622 2868 medietatem
646 2807 738 2868 vinee
763 2822 793 2869 et
816 2809 881 2868 vini
903 2808 1025 2869 Jacobo
1049 2804 1179 2889 pellifici
1203 2805 1482 2888 adjudicavimua3

212 2909 314 2992 ipsam
339 2924 447 2972 autem
470 2931 597 2974 causam
621 2912 745 2997 Filipus
769 2914 808 2976 ad
833 2915 984 2996 antiquos
1008 2912 1129 2991 judices
1161 2913 1346 2996 appellavit.

318 3016 397 3078 ltem
415 3017 589 3081 Mauricius
621 3019 780 3102 Gregorio
812 3040 923 3082 voscar
947 3020 979 3081 in
1011 3018 1185 3100 quindenis
1217 3032 1341 3101 septem
1364 3038 1482 3101 penaat

211 3122 382 3204 persolvet.

318 3229 397 3292 ltem
421 3232 575 3295 Nicolaua
598 3253 736 3296 assessor
759 3232 876 3315 jurabit
908 3232 998 3314 quod
1021 3231 1200 3294 lohannem
1227 3251 1284 3293 sua
1307 3249 1390 3294 uxor
1413 3251 1479 3294 non

212 3333 451 3417 vituperaverit.
