3398 5364
571 404 658 462 Anno
682 400 773 479 1387.
797 437 839 446 -
863 417 913 464 22.
938 405 1108 464 novembrii.
1419 403 1476 463 281

251 623 351 698 Feria
379 632 478 697 sexta
506 627 660 715 proxima
689 633 766 714 post
794 624 917 696 festum
946 623 1034 693 beati
1063 623 1200 694 Martini
1230 622 1443 694 confessorIs.

713 776 777 858 (15.
802 775 987 858 novembris).

321 919 400 982 Item
425 918 593 1002 Gyaninus
622 919 692 980 Bon
722 932 830 981 contra
857 919 976 980 Lucam
995 918 1170 980 Boniolutn
1196 918 1228 979 in
1253 916 1337 981 facto
1353 919 1482 1000 triginta

213 1025 314 1087 unius
338 1044 517 1087 marcarum
541 1024 747 1087 denariorum
780 1024 1038 1087 Zarachinalium
1071 1023 1289 1106 expeditorem
1322 1024 1361 1086 de
1385 1044 1483 1088 manu

213 1132 330 1214 scripta
354 1133 496 1215 episcopi
524 1133 610 1194 Luce
635 1146 749 1194 octavo
774 1132 826 1193 die
851 1131 1000 1194 exhibere
1025 1131 1131 1193 debet.

322 1237 400 1299 Item
426 1237 458 1298 in
483 1236 567 1300 facto
592 1237 758 1300 cuiusdam
788 1238 887 1300 debiti
921 1256 987 1319 quo
1011 1235 1181 1319 Gyaninus
1204 1236 1275 1298 Bon
1301 1237 1483 1300 JakomeIIo

217 1344 332 1428 Kyrini
357 1345 484 1407 debitor
507 1360 599 1424 esset,
622 1365 657 1406 se
687 1346 728 1406 ad
749 1345 854 1425 ipsum
886 1344 1089 1406 Jakomelum
1122 1343 1296 1421 commisit,
1332 1344 1481 1426 quitquid

214 1450 304 1513 idem
328 1451 498 1513 Jakomelo
523 1451 618 1530 dicet,
643 1450 705 1513 hoc
729 1452 796 1534 ipse
820 1449 990 1534 Gyaninus
1012 1450 1137 1512 solvere
1162 1450 1267 1511 debet.

322 1556 400 1619 Item
424 1563 553 1640 Agnesa
577 1557 694 1619 mulier
725 1572 835 1620 contra
860 1557 1016 1620 Dicauam
1041 1556 1147 1638 primo
1179 1556 1274 1619 citata
1306 1576 1372 1619 non
1396 1577 1483 1621 com-

214 1663 330 1745 paruit.

321 1769 399 1831 Item
417 1769 578 1852 Georgius
602 1770 819 1852 carpentarius
842 1782 952 1832 contra
975 1770 1139 1831 Thomam
1164 1771 1268 1852 primo
1286 1771 1400 1834 citatus
1416 1791 1482 1835 non

215 1877 408 1958 comparuit.

321 1981 400 2044 Item
426 1983 489 2043 Res
513 1996 623 2044 contra
648 1982 818 2044 Herricum
851 1982 956 2065 prImo
978 1982 1091 2044 citatus
1115 2001 1179 2044 non
1205 1984 1394 2065 comparuit.

322 2087 400 2149 Item
425 2108 519 2150 causa
547 2089 668 2151 Vrbani
700 2102 809 2150 contra
841 2088 985 2150 Blasium
1017 2087 1057 2149 ad
1091 2103 1164 2150 octo
1200 2089 1268 2150 dies
1299 2090 1338 2151 ad
1371 2110 1483 2172 pacem

216 2208 262 2255 est
287 2208 424 2276 recepta.

321 2300 401 2362 Item
427 2302 536 2362 Marco
553 2300 793 2362 molendinator
816 2313 926 2362 contra
943 2300 1124 2363 Iohannem
1149 2302 1255 2384 primo
1279 2301 1394 2364 citatus
1417 2321 1482 2362 non

216 2407 407 2489 comparuit.

324 2513 401 2575 Item
425 2512 587 2575 Iohannes
612 2513 770 2575 Praudich
794 2533 850 2596 per
867 2513 1050 2575 Dionisium
1067 2528 1208 2576 sutorem
1226 2527 1256 2576 et
1274 2514 1482 2576 Bachkonem

218 2633 333 2683 octavo
357 2620 409 2682 die
426 2619 489 2681 hoc
505 2620 663 2699 atestabit,
682 2619 769 2701 quod
788 2620 855 2703 ipse
868 2620 1027 2701 quosdam
1045 2620 1126 2682 duos
1144 2622 1245 2682 boves
1258 2634 1482 2702 comparasset.

324 2727 402 2788 Item
427 2724 589 2788 Iohannes
621 2724 705 2787 filius
729 2726 839 2788 Jacobi
871 2726 1015 2788 seeundo
1039 2747 1072 2788 se
1106 2740 1220 2789 octavo
1244 2727 1297 2789 die
1321 2747 1417 2809 super
1441 2747 1480 2789 eo

216 2832 344 2913 jurabit,
368 2832 456 2914 quod
483 2851 548 2894 non
573 2832 748 2911 compluris
771 2833 906 2914 pecunia
942 2834 1002 2894 nisi
1027 2853 1100 2894 cum
1124 2832 1296 2895 duodecim
1321 2833 1391 2898 flor.
1415 2834 1483 2896 auri

217 2940 344 3001 debitor
362 2939 586 3017 remansisset,
611 2952 642 3000 et
666 2939 763 3000 iidem
788 2939 899 3001 decem
924 2939 993 3002 flor.
1019 2939 1081 3001 sint
1109 2939 1140 3000 in
1173 2952 1376 3020 testamento,
1401 2960 1483 3023 quos

221 3047 331 3108 Marco
355 3044 439 3107 filius
463 3045 590 3107 Mikech
614 3045 674 3106 sibi
699 3046 877 3110 relaxasset.

335 3281 432 3356 Feria
459 3293 559 3356 sexta
587 3286 744 3374 proxima
771 3294 847 3375 post
879 3286 1002 3358 festum
1030 3287 1150 3358 beathe
1178 3284 1360 3360 Elisabeth.

709 3441 770 3516 (22.
797 3438 980 3515 novembris).

324 3583 402 3643 Item
432 3581 600 3664 Gyaninus
618 3581 687 3643 Bon
712 3595 825 3643 octavo
851 3581 902 3642 die
927 3600 1078 3664 supereo
1102 3581 1219 3663 jurabit
1242 3582 1330 3663 quod
1356 3582 1423 3663 ipse
1442 3582 1482 3644 ad

217 3688 372 3772 quasdam
391 3688 474 3770 (res),
492 3707 571 3769 quas
588 3689 646 3749 sibi
669 3688 820 3750 domInus
838 3689 923 3750 Luca
938 3688 1069 3750 dederat
1086 3708 1144 3770 pro
1160 3689 1278 3770 precio,
1297 3688 1338 3750 ad
1357 3709 1482 3770 repara-

217 3797 345 3858 cionem
370 3794 558 3857 eorumdem
584 3795 781 3857 domorum.
801 3841 808 3857 .
826 3841 859 3857 ..
893 3795 1032 3857 florenos
1055 3795 1123 3856 auri
1155 3795 1262 3856 mInus
1287 3794 1416 3857 duobus
1441 3794 1481 3856 ad

217 3902 432 3986 reparandum
456 3902 645 3964 eorumdem
670 3901 843 3963 domorum
868 3902 1078 3984 expendisset.

325 4009 403 4071 Item
428 4007 580 4070 dominus
612 4009 698 4069 Luca
730 4022 844 4070 octavo
869 4008 921 4070 die
952 4028 1047 4090 super
1077 4028 1117 4069 eo
1151 4008 1278 4088 jurabit,
1304 4009 1390 4090 quod
1416 4009 1482 4090 ipse

217 4115 331 4195 viginti
356 4134 479 4177 marcas
503 4114 709 4176 denariorum
743 4114 1023 4177 Scarachenalium
1060 4114 1099 4176 ad
1133 4116 1296 4196 quandam
1321 4114 1482 4176 racionem

217 4222 450 4305 assumpsisset.

324 4329 402 4390 Item
435 4327 605 4412 Gyaninus
637 4328 706 4390 Bon
741 4347 842 4409 usque
874 4327 1053 4409 quindenas
1085 4327 1219 4389 domino
1251 4329 1338 4390 Luce
1364 4348 1482 4390 novem

217 4435 286 4498 flor.
304 4436 383 4513 aurI,
406 4448 535 4499 centum
550 4434 698 4496 denarios
722 4448 753 4497 et
775 4454 828 4496 sex
846 4454 968 4496 marcas
992 4435 1197 4496 denariorum
1217 4435 1481 4497 ZarachenaIium

219 4543 344 4605 solvere
372 4542 478 4605 debet.

324 4650 403 4711 Item
428 4649 507 4711 Kele
533 4662 642 4710 contra
667 4648 806 4710 Iwanam
831 4647 935 4729 prImo
960 4648 1074 4709 citatus
1097 4668 1162 4710 non
1187 4648 1376 4729 comparuit.

324 4755 402 4818 Item
442 4755 635 4817 Benedictus
667 4754 767 4816 decan
799 4769 908 4816 contra
942 4754 1085 4815 Kusman
1118 4755 1223 4835 primo
1257 4755 1370 4817 citatus
1416 4774 1480 4817 non

219 4862 408 4945 comparuit.
