3404 5362
596 318 682 376 Anno
707 312 793 394 1576.
819 349 859 359 —
883 329 935 391 29.
959 317 1086 390 augusti.

387 572 485 647 leria
512 580 612 646 sexta
649 576 803 663 proxima
831 579 907 662 post
944 572 1068 644 festum
1096 573 1292 661 predictum.

728 723 796 805 (29.
819 728 958 801 augusti).

317 869 426 930 Primo
450 887 563 930 omnes
596 867 822 931 molendinarii
855 864 933 929 feria
957 867 1054 929 tercia
1086 866 1231 950 proxima
1256 878 1366 927 contra
1390 884 1477 927 com·

212 975 405 1037 munitatem
429 975 549 1055 judicio
574 988 674 1036 astare
699 974 817 1035 debent
841 974 1024 1056 responsuri
1050 993 1219 1056 supereo,
1244 973 1319 1053 quia
1345 990 1475 1034 censum

211 1102 305 1165 super
329 1081 511 1164 piscatrices
535 1081 741 1143 denariorum
772 1081 964 1162 recepissent
983 1094 1093 1142 contra
1117 1092 1270 1142 statutum
1294 1079 1474 1159 antiquum,

213 1202 246 1250 ut
269 1189 302 1250 in
328 1189 458 1250 katerna
483 1188 615 1269 antiqua
638 1186 766 1269 plenius
790 1187 980 1251 continetur.

316 1309 394 1374 ltem
420 1331 515 1374 causa
540 1311 712 1392 Dragozlai
744 1323 775 1373 et
799 1311 927 1373 Martini
960 1311 1140 1396 Zequirych
1172 1325 1219 1375 est
1242 1331 1299 1394 per
1324 1310 1476 1394 Gyurgelr

212 1417 441 1499 calcariparum
465 1418 505 1480 ad
528 1432 602 1480 octo
626 1417 694 1479 dies
717 1431 842 1500 recepta
866 1418 906 1479 ad
932 1437 1055 1501 pacem.

315 1527 394 1590 ltem
419 1546 513 1588 causa
538 1526 615 1587 luan
641 1538 672 1586 et
696 1523 867 1605 Zequirich
892 1539 939 1586 est
970 1543 1025 1606 per
1051 1526 1221 1586 Marenum
1244 1524 1285 1586 ad
1311 1537 1383 1586 octo
1409 1521 1478 1585 dies

211 1648 336 1716 recepta
361 1633 401 1694 ad
426 1651 549 1715 pacem.

316 1739 395 1801 ltem
420 1737 583 1799 lohannes
614 1737 754 1799 decanus
788 1749 896 1799 contra
929 1736 1049 1799 chhk
1080 1752 1195 1799 octavo
1220 1736 1271 1798 die
1296 1757 1328 1798 se
1360 1736 1477 1799 tercius

212 1845 327 1926 jurabit
350 1845 383 1906 in
408 1864 459 1922 eo,
484 1843 573 1925 quod
598 1844 664 1926 ipse
689 1843 828 1906 eundem
853 1842 972 1905 chhlr
997 1863 1062 1905 non
1097 1843 1313 1905 verberaverit
1337 1862 1395 1904 nec
1419 1862 1477 1925 per

213 1972 242 2013 se
266 1971 325 2013 nec
349 1970 407 2033 per
430 1950 541 2014 alium.

315 2058 395 2119 ltem
428 2056 620 2139 Mosnarych
652 2070 760 2120 contra
798 2056 935 2118 Paulum
971 2055 1153 2119 carnificem
1192 2071 1306 2120 octavo
1343 2056 1394 2117 die
1429 2076 1477 2118 re·

213 2164 395 2248 spondebit.

315 2270 395 2332 ltem
421 2289 515 2330 causa
547 2269 652 2331 Fortis
685 2285 715 2333 et
743 2271 935 2356 Mosnarych
968 2285 1014 2333 est
1042 2291 1099 2354 per
1129 2283 1225 2332 testes
1248 2270 1287 2331 ad
1312 2283 1385 2331 octo
1409 2269 1477 2330 dies

214 2390 337 2459 recepta
363 2375 404 2437 ad
428 2394 550 2457 pacem.

316 2482 395 2544 ltem
420 2482 630 2544 commissarii
655 2483 784 2546 Andree
809 2485 914 2547 Kozel
946 2485 1079 2547 domine
1103 2484 1223 2546 Dicaue
1249 2484 1281 2544 in
1306 2481 1478 2564 quindenis

213 2604 340 2651 centum
365 2587 505 2650 florenos
528 2589 692 2652 exsolvere
723 2590 858 2668 debent;
891 2592 950 2673 ipsi
975 2603 1083 2653 autem
1115 2588 1325 2652 commissarii
1350 2587 1390 2650 ad
1422 2607 1477 2649 an·

212 2696 319 2778 tiquos
343 2694 465 2776 judices
488 2695 701 2778 appellarunt.

316 2820 394 2882 Item
419 2819 477 2882 filii
502 2819 627 2882 Crisani
645 2836 760 2884 octavo
784 2822 837 2883 die
862 2822 993 2884 domine
1011 2822 1132 2884 Dicaue
1150 2821 1336 2902 quindecim
1354 2839 1477 2881 marcas

213 2926 416 2989 denariorum
442 2927 606 2989 exsolvere
632 2927 760 3007 debent,
778 2928 924 3010 alioquin
948 2929 1086 2991 fundum
1104 2929 1248 3011 ipsorum
1273 2927 1305 2987 in
1329 2926 1400 2987 vico
1425 2945 1477 2986 ex-

213 3035 320 3096 teriori
345 3054 404 3116 pro
428 3034 579 3117 predictis
603 3034 788 3115 quindecim
820 3036 935 3097 marcis
967 3049 1105 3098 statuere
1138 3034 1291 3096 faciemus
1316 3032 1382 3114 jure
1407 3051 1476 3114 per·

215 3139 387 3223 hempnali.

318 3246 396 3308 ltem
420 3246 574 3308 Nicolaus
598 3248 814 3330 carpentarius
836 3262 947 3311 contra
965 3246 1173 3330 Stephaniam
1198 3245 1340 3308 secundo
1365 3244 1478 3306 citatus

216 3372 276 3414 non
302 3353 492 3434 comparuit.
1049 3412 1053 3419 .

317 3458 396 3521 ltem
419 3478 514 3521 causa
538 3458 646 3521 Mathe
670 3459 787 3521 sutoris
811 3474 842 3522 et
867 3460 1088 3523 Lehcumuald
1112 3474 1158 3522 est
1182 3480 1238 3543 per
1262 3459 1352 3520 Hans
1376 3471 1477 3520 tascar

217 3564 252 3626 ad
276 3578 350 3627 octo
375 3564 443 3627 dies
466 3580 592 3648 recepta
616 3566 657 3628 ad
680 3585 803 3648 pacem.

319 3670 398 3733 ltem
423 3691 517 3733 causa
549 3673 658 3734 uxoris
682 3671 776 3734 Mafie
811 3687 841 3735 et
866 3672 985 3735 Genini
1019 3686 1065 3734 est
1088 3693 1145 3755 per
1167 3672 1307 3754 judicem
1331 3672 1371 3734 ad
1403 3685 1476 3734 octo

218 3778 279 3839 dies
303 3790 475 3860 prorogata
500 3779 526 3840 si
558 3779 646 3860 quod
680 3780 807 3861 signum
840 3780 1008 3843 ostendere
1033 3781 1150 3862 poterit
1181 3781 1308 3842 racione
1334 3781 1475 3862 ipsorum

218 3881 430 3946 denariorum.

318 3991 397 4054 ltem
414 3991 556 4074 Baptista
569 4006 616 4056 est
632 3994 797 4055 convictus
813 4007 922 4055 contra
939 3993 1108 4055 Miclinum
1123 3993 1156 4054 in
1172 3994 1201 4054 X
1218 3993 1333 4054 marcis
1346 4004 1476 4075 propter

220 4098 371 4182 vituperia
396 4117 453 4160 sua
477 4113 507 4161 et
534 4098 632 4179 judici
665 4100 807 4162 mediam
838 4118 977 4161 marcam
1002 4100 1034 4160 in
1066 4100 1237 4182 quindenis
1261 4098 1476 4181 persolvendi.

318 4205 399 4267 Item
423 4206 536 4267 Marko
560 4207 675 4268 Putani
695 4214 808 4269 contra
827 4207 905 4269 Bole
930 4206 1085 4268 iacobum
1109 4221 1222 4269 octavo
1239 4207 1291 4269 die
1315 4226 1346 4267 se
1371 4219 1476 4267 sextus

220 4307 331 4387 jurabit
355 4311 461 4389 ineo,
486 4312 574 4392 quod
597 4313 664 4395 ipse
688 4333 832 4395 pannum
855 4332 950 4374 suum
974 4332 1040 4374 non
1065 4311 1227 4375 furaverit.

319 4434 398 4496 ltem
422 4434 560 4497 lacobus
584 4435 709 4519 Cupich
733 4451 841 4499 contra
874 4437 1014 4499 eundern
1039 4439 1195 4499 iacobum
1219 4436 1336 4518 jurabit
1360 4449 1474 4499 octavo

220 4538 266 4602 die
288 4561 321 4602 se
345 4540 462 4602 tercius
476 4541 623 4604 similiter
640 4543 671 4604 in
696 4563 745 4624 co,
763 4544 850 4625 quod
868 4544 935 4626 ipse
959 4564 1102 4626 pannum
1118 4564 1211 4605 suum
1229 4563 1293 4604 non
1311 4542 1473 4606 furaverit.

319 4664 399 4726 ltem
424 4666 518 4728 Kuna
542 4667 650 4728 relicta
679 4668 791 4730 Friche
822 4681 931 4731 contra
962 4668 1132 4731 Nicolaum
1165 4686 1259 4729 suum
1289 4666 1473 4748 privignum

219 4770 319 4852 primo
350 4771 444 4834 citata
468 4792 534 4835 non
558 4773 745 4856 comparuit.
