3404 5362
217 373 278 435 ¹¹4
594 352 795 431 Ann01378.
819 389 862 398 —
885 351 937 416 26.
962 354 1074 416 rnarlr't'.

318 569 396 630 Item
422 567 584 629 Iohannes
606 582 708 629 sartor
739 580 849 628 contra
882 564 1059 646 Georgium
1085 564 1268 648 Mykouche
1297 566 1406 648 primo
1437 567 1480 628 ci·

211 688 296 737 tatus
318 694 383 736 non
409 673 599 755 comparuit.

317 780 396 842 Item
420 780 500 840 alter
524 777 687 841 lohannes
710 792 820 841 contra
845 778 950 861 ipsum
984 776 1162 858 Georgium
1189 796 1253 837 non
1287 778 1479 859 comparuit.

319 887 397 947 Item
421 904 515 947 causa
538 885 647 962 Inani,
672 882 826 967 Stephani
851 895 882 946 et
905 884 972 945 Bak
1001 896 1048 945 est
1071 903 1128 965 per
1153 883 1273 944 Lucam
1299 896 1332 945 et
1354 882 1479 946 Antho-

212 994 303 1056 nium
328 991 368 1053 ad
392 1005 466 1054 octo
491 991 560 1053 dies
583 1003 709 1073 recepta
733 990 774 1052 ad
799 1009 922 1072 pacem.

317 1099 395 1159 Item
421 1098 534 1158 Petrus
557 1109 667 1158 contra
692 1098 840 1159 Markum
864 1097 971 1179 primo
996 1096 1109 1158 citatus
1132 1114 1197 1156 non
1222 1095 1413 1177 comparuit.

320 1205 398 1266 Item
423 1203 558 1285 Petrych
583 1216 693 1265 contra
725 1202 885 1265 Janchech
916 1200 1114 1264 aurifabrum
1145 1202 1251 1283 primo
1275 1201 1391 1263 citatus
1415 1220 1479 1261 non

213 1310 404 1393 comparuit.

319 1416 398 1477 Item
422 1415 524 1477 Elena
541 1415 659 1478 muller
682 1414 821 1476 condam
838 1432 918 1475 uxor
939 1413 1106 1475 Benedicti
1132 1413 1231 1475 Pazar
1254 1412 1295 1474 ad
1319 1412 1480 1494 justiciam

213 1523 319 1605 primo
343 1522 376 1583 in
401 1519 472 1583 foro
495 1522 691 1604 proclamata
708 1535 838 1603 propter
862 1540 974 1582 necem
991 1520 1091 1602 ipsius
1104 1519 1270 1582 Benedicti
1296 1538 1362 1581 non
1379 1519 1478 1596 venit,

213 1647 319 1710 neque
351 1629 438 1690 misit
461 1628 501 1689 ad
526 1627 799 1710 respondendum.

320 1736 398 1797 Item
424 1735 531 1797 Mathe
556 1747 587 1797 et
611 1733 792 1816 Stephanus
821 1747 930 1796 contra
962 1752 1097 1815 parvum
1122 1732 1237 1815 Elyam
1262 1731 1369 1813 primo
1394 1731 1480 1793 citati

215 1862 279 1904 non
306 1855 564 1924 comparuerunt.

320 1946 398 2009 Item
430 1947 583 2008 Nicolaus
614 1946 741 2009 Crisani
775 1946 859 2008 Luce
888 1945 944 2005 VII
977 1965 1101 2006 marcas
1125 1958 1155 2007 et
1178 1945 1239 2006 XX
1273 1944 1425 2006 denarios
1449 1943 1483 2005 in

214 2052 388 2135 quindenis
412 2052 607 2135 (persolvet).

339 2290 483 2361 Sabbato
514 2291 678 2379 sequenti,
707 2289 915 2377 adjudieaeio
938 2289 1090 2377 judicum
1120 2290 1350 2379 antiquorum.

741 2458 806 2535 (20.
829 2460 953 2537 martir).

322 2616 431 2678 PrImo
456 2616 591 2699 Mykech
616 2616 701 2679 filius
726 2617 854 2679 Martini
883 2617 985 2679 Paulo
1016 2615 1175 2700 Chaplich
1200 2617 1280 2680 duaa
1304 2637 1429 2680 marcas
1453 2631 1485 2680 et

217 2722 315 2805 judici
340 2723 481 2784 mediam
506 2723 538 2783 in
563 2723 736 2803 quindenis
760 2724 942 2806 persolvere
966 2725 1071 2787 debet.

322 2829 400 2890 Item
428 2848 538 2890 causas
561 2828 717 2891 Anthonii
735 2830 836 2891 Reniz
860 2845 890 2893 et
920 2829 1036 2913 Gyuan
1062 2830 1190 2909 Gallici,
1213 2830 1340 2893 Nicolai
1358 2829 1486 2893 Odolas

216 2949 248 2997 et
272 2933 404 3015 Georgii
428 2934 533 3016 jurati,
565 2954 624 2996 nec
655 2954 719 2996 non
754 2936 852 2996 Marci
885 2935 1008 2999 Gemez
1032 2950 1064 3000 et
1086 2936 1220 3019 Georgii
1252 2937 1293 2999 ad
1314 2950 1389 3000 octo
1415 2938 1486 3001 dies

216 3060 429 3123 prorogamus
453 3040 690 3123 perhemptorie
715 3041 919 3104 decidendas.

400 3275 498 3349 Feria
526 3287 624 3350 sexta
651 3282 805 3368 proxima
834 3288 912 3352 ante
941 3281 1140 3354 dominicam
1168 3282 1298 3355 letare.

746 3447 815 3528 (26.
838 3450 964 3531 martir).

325 3605 434 3667 Primo
460 3606 614 3667 Salomon
640 3622 748 3669 contra
773 3608 913 3669 Brumen
944 3624 1059 3672 octavo
1083 3610 1135 3672 dle
1159 3610 1377 3692 respondebit.

325 3712 404 3773 Item
429 3732 523 3773 causa
549 3712 667 3795 Stepan
693 3729 724 3776 et
744 3714 883 3776 Wlkech
908 3730 955 3777 est
970 3735 1027 3798 per
1051 3716 1253 3779 Anthonium
1276 3730 1419 3780 sutorem
1445 3718 1486 3781 ad

219 3816 333 3880 feriam
358 3818 488 3879 terciam
513 3834 638 3901 recepta
663 3820 703 3881 ad
728 3839 850 3902 pacem.

323 3924 402 3985 Item
420 3922 579 4006 Georgius
602 3940 632 3987 et
649 3925 775 4008 Cupich
800 3941 909 3988 contra
927 3925 1099 3994 Nicolaum
1114 3929 1215 3993 fillum
1234 3930 1362 3994 Crisani
1378 3932 1485 4013 primo

220 4028 306 4091 citati
331 4049 396 4091 non
421 4046 679 4112 comparuerunt.

324 4136 403 4197 Item
430 4157 524 4199 causa
549 4135 676 4203 Nicolai
701 4140 824 4202 Odolas
847 4155 877 4202 et
896 4141 993 4203 Marci
1018 4142 1095 4204 dicti
1120 4143 1223 4205 Putan
1248 4157 1296 4206 est
1317 4162 1376 4227 per
1390 4157 1488 4208 testes

217 4241 258 4303 ad
284 4240 396 4303 feriam
419 4245 550 4305 terciam
575 4260 699 4327 recepta
724 4246 764 4307 ad
788 4266 911 4329 pacem.

328 4366 408 4428 Item
433 4366 610 4450 Georgius,
642 4369 826 4433 Anthonius
857 4384 888 4433 et
919 4372 1028 4434 Miclin
1061 4372 1154 4454 jurati
1186 4387 1297 4436 contra
1328 4376 1487 4438 lacobum

218 4470 299 4532 Bole
324 4486 438 4534 octavo
463 4474 514 4535 die
539 4476 781 4557 respondebunt
804 4491 934 4560 propter
962 4479 1102 4561 quedam
1127 4480 1285 4563 vituperia
1310 4480 1371 4543 sibi
1395 4481 1484 4545 illata

218 4595 275 4658 per
299 4578 441 4640 eosdem.

324 4684 403 4745 Item
440 4685 518 4747 Pasa
554 4701 662 4748 contra
699 4687 862 4751 Geninum
899 4710 1089 4753 assessorem
1125 4694 1231 4774 primo
1267 4695 1381 4757 citatus
1420 4716 1486 4759 non

219 4790 411 4870 comparuit.
