3404 5362
220 327 283 419 {54

329 518 407 577 Item
433 535 525 577 causa
552 515 699 596 Gregorii
725 529 833 577 contra
859 515 987 577 Petrum
1005 515 1046 576 ad
1071 529 1220 576 octavum
1239 514 1326 576 diem
1353 526 1401 574 est
1418 533 1491 595 pro·

220 638 330 705 rogata
355 644 394 685 eo
419 622 529 701 mod0‚
556 637 588 683 ut
612 623 736 704 lignum
761 622 900 683 vendere
925 622 1053 684 debent.

508 807 604 881 Feria
632 811 739 881 tercia
767 816 843 899 post
872 809 1073 881 dominicam
1103 806 1209 880 Oculi.

324 963 402 1024 Item
428 982 521 1024 causa
545 961 706 1023 Dominici
739 973 848 1022 contra
882 960 1046 1022 Vrbanum
1073 960 1113 1022 ed
1145 975 1295 1023 octavum
1330 959 1420 1020 diem
1448 958 1490 1020 ad

218 1088 329 1150 pacem
356 1081 402 1131 est
426 1081 561 1149 recepte.

323 1175 401 1236 Item
427 1173 611 1235 Anthonius
635 1174 767 1256 Jursych
790 1173 960 1256 pecuniam
986 1192 1083 1255 quam
1108 1185 1235 1235 tenetur
1259 1172 1383 1234 Jacobo
1410 1170 1491 1233 Bole

217 1281 322 1343 eidem
349 1300 450 1361 usque
475 1279 655 1361 quindenas
678 1280 802 1342 solvere
827 1280 933 1344 debet.

324 1387 401 1449 item
435 1407 528 1448 causa
563 1386 652 1448 Pauli
685 1400 716 1448 et
748 1385 896 1468 Gregorii
928 1386 968 1447 ad
1005 1400 1156 1448 octavum
1187 1385 1274 1448 diem
1308 1384 1350 1446 ad
1375 1405 1491 1468 pacem

218 1508 263 1554 est
288 1506 424 1575 recepta.

324 1600 400 1660 ltem
429 1599 531 1659 Lucas
555 1610 663 1659 contra
690 1597 818 1658 Petrum
842 1610 956 1659 octavo
981 1597 1031 1658 die
1057 1597 1276 1681 respondebit.

323 1706 401 1767 Item
427 1705 543 1766 Paulus
566 1702 729 1765 aurifaber
752 1717 860 1764 contra
886 1703 1021 1764 Paulum
1046 1718 1201 1765 sartorem
1225 1704 1333 1786 primo
1372 1704 1492 1766 citatus

217 1831 282 1873 non
307 1811 496 1893 comparuit.

323 1919 399 1980 Item
427 1916 571 1999 Philipus
596 1929 705 1977 contra
730 1916 860 1977 Petrum
889 1928 1003 1977 octavo
1029 1917 1080 1977 die
1105 1915 1324 1998 respondebit.

324 2024 400 2086 Item
427 2024 530 2084 Lucas
554 2037 662 2083 contra
687 2022 852 2082 Vrbanum
878 2022 983 2103 primo
1008 2022 1121 2083 citatus
1145 2041 1211 2083 non
1236 2023 1432 2105 comparuit.

325 2132 401 2192 ltem
428 2129 529 2190 lwech
555 2144 664 2190 contra
689 2127 889 2189 Anthonium
919 2129 1024 2210 primo
1056 2129 1170 2189 citatus
1203 2148 1268 2190 non
1294 2130 1489 2212 comparuit.

325 2237 404 2299 Item
429 2235 592 2298 Corardus
620 2250 728 2296 contra
756 2233 933 2314 Georgium
961 2234 1144 2316 piliatorcm
1161 2234 1268 2317 primo
1285 2235 1403 2297 citatus
1421 2255 1487 2297 non

216 2344 406 2425 comparuit.

323 2451 400 2511 Item
427 2449 608 2532 Stephanus
633 2447 792 2510 Pecohleb
817 2462 928 2511 contra
956 2446 1172 2528 Dragozlaum
1196 2448 1342 2509 secundo
1367 2448 1487 2511 citatus

218 2579 282 2620 non
308 2557 499 2638 comparuit.

323 2664 400 2724 item
427 2664 549 2744 Symon
574 2675 683 2723 contra
709 2659 889 2722 Johannem
913 2673 1027 2720 octavo
1052 2658 1104 2719 die
1129 2656 1349 2740 respondebit.

323 2770 399 2830 item
426 2769 598 2849 Dragonya
622 2781 711 2828 sutor
735 2779 843 2831 eontra
870 2764 1031 2846 Sclez(ko)
1049 2779 1162 2826 octavo
1186 2763 1239 2825 die
1264 2765 1486 2845 respondebit.

321 2876 399 2936 Item
424 2874 568 2935 Andreas
592 2887 680 2935 sutor
704 2886 813 2934 contra
839 2871 975 2933 Selezko
999 2884 1114 2932 octavo
1139 2869 1190 2930 die
1216 2871 1439 2952 respondebit.

323 2982 399 3042 Item
426 2979 608 3060 Vrngouich
640 2992 749 3040 contra
776 2977 883 3039 Bartol
909 2977 1014 3058 primo
1047 2977 1160 3038 citatus
1192 2995 1256 3037 non
1289 2978 1485 3060 comparuit.

323 3088 399 3148 item
418 3085 594 3146 Hanslinus
616 3098 726 3146 contra
745 3083 899 3145 Mathiam
917 3082 1059 3143 secundo
1076 3083 1190 3144 citatus
1207 3101 1272 3143 uon
1290 3084 1486 3166 comparuit.

324 3195 400 3255 Item
429 3191 619 3253 Benedictus
643 3205 753 3251 contra
778 3189 983 3251 Valentinum
1001 3202 1090 3249 sexto
1114 3208 1146 3249 sc
1171 3207 1267 3270 super
1290 3190 1484 3271 premissum

217 3321 310 3362 suum
336 3299 576 3379 (juramentum)
601 3297 749 3378 deposuit
775 3309 808 3357 ut
831 3295 981 3373 debebat,
1007 3294 1091 3356 unde
1117 3308 1162 3355 est
1189 3294 1368 3376 expeditus.

321 3406 397 3467 Item
436 3406 545 3465 Marco
581 3403 726 3466 Gallicus
758 3415 867 3464 contra
900 3401 1078 3482 Georgium
1117 3401 1222 3483 primo
1261 3401 1378 3462 citatus
1418 3422 1485 3464 non

218 3512 408 3594 comparuit.

324 3617 401 3678 item
428 3616 547 3677 Judeus
571 3630 680 3677 contra
706 3615 860 3677 Mathiam
885 3613 1028 3676 secundo
1053 3614 1165 3675 citatus
1197 3632 1262 3675 non
1288 3615 1484 3697 comparuit.

321 3724 399 3785 ltem
434 3722 581 3805 Mychael
613 3722 762 3783 Damiani
795 3735 905 3783 contra
938 3722 1092 3782 Jacobum
1125 3720 1230 3803 primo
1266 3720 1384 3815 citatus
1417 3741 1484 3783 non

218 3830 408 3911 comparuit.

322 3937 400 3998 ltem
420 3935 528 3997 Bartol
553 3949 661 3996 contra
688 3939 791 3996 Anam
817 3949 930 3997 octavo
956 3933 1006 3994 dic
1036 3933 1252 4014 respondebit.

325 4043 401 4104 ltcm
428 4041 618 4102 Valentinus
641 4041 789 4102 sacerdos
821 4055 929 4102 contra
962 4040 1075 4122 Jaklyn
1101 4038 1244 4101 secundo
1277 4038 1394 4100 citatus
1418 4059 1483 4102 nou

216 4149 408 4232 comparuit.

322 4255 399 4318 Item
426 4254 582 4316 Martinch
608 4268 716 4316 contra
741 4253 904 4316 Thomam
929 4253 1033 4335 primo
1063 4253 1177 4314 citatus
1201 4270 1266 4313 non
1291 4253 1484 4334 comparuit.

323 4362 400 4424 ltem
426 4362 528 4422 Lucas
553 4374 661 4423 contra
692 4359 893 4443 Mychaelem
925 4359 1029 4441 primo
1054 4359 1170 4420 citatus
1193 4377 1259 4419 non
1292 4358 1483 4440 comparuit.

321 4467 399 4529 item
425 4466 606 4548 Stephanus
630 4480 730 4528 sartor
763 4479 872 4527 contra
906 4464 1106 4548 Mychaelem
1140 4463 1244 4545 primo
1269 4463 1385 4525 citatus
1417 4483 1482 4526 nou

216 4575 404 4657 comparuit.

321 4680 398 4742 ltcm
425 4680 562 4742 Mathias
586 4680 724 4742 Johanni
756 4678 905 4762 Grachyn
939 4698 1038 4759 usque
1064 4677 1244 4758 quindenas
1275 4697 1329 4737 sex
1361 4697 1484 4740 marcas

214 4787 339 4848 solvere
365 4787 470 4850 debet.
