3404 5362
612 323 699 381 Anno
722 334 810 400 1375.
835 357 876 366 —
899 337 952 400 23.
975 321 1089 384 martii.

324 533 403 596 ltem
427 546 541 596 octavo
565 533 617 596 die
635 534 790 596 Salomon
812 548 922 596 contra
947 534 1088 596 Brumen
1104 553 1137 596 se
1162 548 1293 617 quartus
1317 534 1437 616 jurabit
1454 536 1487 597 in

219 658 269 717 e0,
293 641 381 721 quod
405 640 531 702 nullum
555 640 733 723 dampnum
759 640 816 723 ipsi
846 641 987 703 Brumen
1014 640 1197 704 intullisset.

324 746 400 808 ltem
427 747 572 809 Thomas
595 767 627 808 se
652 747 768 809 tercius
799 759 914 809 octavo
946 746 998 809 die
1022 746 1149 828 jurabit,
1182 747 1270 829 quod
1295 747 1327 808 in
1352 747 1486 811 vulnere

219 852 386 914 cuiusdam
409 853 566 916 vulnerati
592 854 750 936 particeps
774 874 839 916 non
864 852 984 917 fuisset.

402 1071 499 1146 Ferla
528 1083 626 1147 sexta
654 1078 810 1167 proxima
838 1086 916 1165 post
943 1075 1067 1147 festum
1095 1076 1292 1165 predictum.

744 1230 808 1307 (23.
831 1227 955 1298 martii).

324 1369 431 1431 Primo
457 1370 615 1431 Parlerius
639 1385 749 1433 contra
766 1370 895 1431 Kunam
912 1369 1054 1431 secundo
1079 1370 1193 1432 citatus
1210 1389 1275 1430 non
1292 1369 1485 1450 comparuit.

325 1475 401 1537 Item
427 1476 540 1537 Marko
563 1474 684 1555 juratus
708 1489 822 1537 octavo
843 1476 895 1538 die
913 1496 968 1556 per
990 1476 1169 1538 Johaonem
1194 1489 1225 1538 et
1241 1495 1332 1537 suam
1349 1495 1485 1537 uxorem

220 1600 256 1642 ac
280 1581 443 1643 Andream
467 1581 569 1643 filium
594 1581 719 1644 Grisich
744 1583 965 1645 testimonium
997 1583 1154 1665 producet
1177 1597 1286 1645 contra
1310 1601 1402 1643 suam
1428 1601 1485 1644 no·

219 1707 345 1749 vescam
369 1707 464 1770 super
487 1708 537 1767 eo,
569 1688 657 1770 quod
689 1689 757 1771 ipsa
788 1690 896 1752 omnia
922 1692 1006 1752 bona
1036 1691 1135 1775 patris
1164 1690 1214 1752 sui
1237 1701 1431 1773 asportasset
1454 1702 1486 1751 et

220 1792 412 1875 dissipasset.

324 1901 401 1963 ltem
427 1901 513 1963 idem
537 1902 628 1964 Marlr
653 1903 830 1965 secundum
853 1903 1011 1985 producet
1033 1903 1254 1964 testimonium
1277 1922 1333 1985 per
1349 1902 1484 1964 luanam

217 2026 307 2068 suam
333 2006 483 2069 ancillam
515 2023 546 2071 et
578 2010 744 2088 Jacobum,
768 2010 794 2071 si
829 2009 921 2091 loqui
952 2010 1078 2092 poterit,
1107 2028 1276 2090 supereo,
1301 2008 1390 2090 quod
1415 2009 1485 2090 ipse

219 2132 318 2175 unum
344 2115 542 2196 marsupium
566 2114 771 2177 denariorum
796 2117 967 2178 uxorisne
992 2115 1172 2177 dimisisset.

322 2219 401 2282 ltem
425 2221 556 2282 domina
573 2225 666 2283 Anna
690 2241 828 2284 noverca
845 2222 944 2284 Marci
969 2235 1083 2284 octavo
1099 2222 1150 2283 die
1167 2242 1224 2306 per
1251 2221 1387 2283 Paulum
1412 2221 1484 2284 lite·

218 2338 333 2403 ratum,
357 2325 537 2389 Johaonem
562 2326 726 2391 Chemerii
751 2342 782 2391 et
807 2328 1008 2391 Anthonium
1037 2328 1139 2390 Reniz
1162 2327 1382 2390 testimonium
1408 2346 1484 2410 pro·

217 2431 312 2494 ducet
336 2447 444 2495 contra
467 2435 571 2516 ipsum
596 2435 744 2496 Markum
768 2455 862 2517 super
880 2454 929 2513 eo,
954 2434 1042 2516 quod
1067 2453 1147 2495 uxor
1170 2433 1246 2496 dicti
1273 2434 1372 2495 Marci
1397 2453 1483 2495 asse-

217 2538 332 2600 ruisset
354 2539 385 2600 in
411 2540 493 2603 lecto
517 2541 717 2621 egritudinis,
742 2542 831 2623 quod
856 2541 929 2623 plus
952 2561 1018 2603 non
1042 2540 1174 2603 haberet
1195 2541 1235 2602 de
1259 2540 1396 2623 pecunia
1421 2541 1484 2602 nisi

217 2644 345 2725 triginta
369 2645 448 2707 duas
470 2667 584 2729 pensas
608 2647 825 2726 denariorum,
843 2647 883 2709 de
900 2648 1018 2729 quibus
1032 2660 1105 2709 octo
1129 2667 1244 2729 pensas
1268 2646 1483 2728 expendisset.

323 2751 401 2813 ltem
425 2772 518 2814 causa
543 2753 674 2835 Georgii
698 2754 828 2816 sartoris
852 2767 883 2816 et
900 2753 1028 2816 Martini
1054 2767 1100 2814 est
1115 2772 1172 2837 per
1196 2752 1377 2815 Johaonem
1395 2752 1483 2815 Che·

217 2857 308 2918 merii
333 2872 364 2920 et
386 2858 490 2920 Eliam
516 2860 555 2921 ad
580 2874 653 2923 octo
679 2861 746 2923 dies
770 2875 896 2943 recepta
920 2861 961 2922 ad
986 2879 1108 2943 pacem.

323 2964 400 3026 ltem
418 2965 564 3048 Mychael
589 2967 747 3050 Damyani
764 2980 874 3029 contra
890 2967 1053 3029 Thomam
1071 2979 1211 3028 sutorem
1236 2966 1342 3048 primo
1366 2965 1482 3027 citatus

218 3088 282 3130 non
308 3073 497 3153 comparuit.

322 3176 401 3238 ltem
425 3177 495 3240 Elia
519 3192 629 3241 contra
654 3180 782 3244 Torche
807 3183 911 3264 primo
935 3182 1049 3243 citatus
1073 3199 1137 3241 noo
1163 3178 1353 3260 comparuit.

322 3283 401 3345 Item
425 3284 496 3346 Elia
528 3285 688 3350 aurifaber
719 3288 847 3350 Andree
877 3288 944 3350 filio
980 3287 1116 3349 Korardi
1149 3286 1287 3348 condam
1311 3284 1415 3366 jurato
1448 3286 1481 3347 in

217 3388 389 3469 quindenis
411 3410 464 3451 sex
488 3391 568 3454 cifos
591 3408 758 3474 argenteos
782 3395 814 3456 in
838 3395 942 3477 specie
972 3395 1046 3456 dare
1073 3393 1204 3455 debebit
1228 3391 1370 3454 indilate.

321 3496 400 3558 Item
424 3517 517 3560 causa
542 3500 719 3563 Sebestiani
744 3502 881 3563 condam
898 3501 1012 3582 judicis
1036 3515 1067 3563 et
1083 3500 1160 3560 luan
1184 3513 1231 3562 est
1254 3518 1311 3581 per
1328 3499 1478 3561 Markum

216 3615 247 3663 et
270 3603 462 3666 Mauricium
486 3605 525 3666 ad
550 3606 689 3688 primum
714 3606 869 3687 judicium
893 3622 1019 3690 recepta
1043 3605 1082 3667 ad
1107 3624 1230 3687 pacem.

321 3709 400 3773 ltem
424 3730 518 3772 causa
541 3711 717 3794 Mychaelis
747 3711 839 3794 jurati
872 3727 902 3776 et
932 3712 1086 3775 Johannis
1111 3712 1207 3774 Liber
1232 3723 1277 3772 est
1300 3730 1358 3792 per
1381 3723 1480 3773 testes

216 3814 255 3876 ad
280 3815 420 3897 primurn
444 3815 599 3898 judicium
623 3831 749 3900 recepta
773 3819 813 3880 ad
844 3839 966 3901 pacem.

321 3922 399 3985 ltem
424 3923 546 4006 Symon
571 3923 710 3987 carnifex
734 3939 848 3987 octavo
873 3927 924 3989 die
957 3940 1066 3988 contra
1091 3924 1271 3987 Johaonem
1296 3943 1352 4004 per
1375 3923 1480 3985 Bene-

216 4027 337 4090 dictum
360 4043 392 4092 et
414 4031 553 4092 eundem
578 4031 756 4094 Johaonem
781 4032 937 4115 producet
952 4032 1171 4094 testimonium
1196 4049 1364 4112 supereo,
1389 4030 1480 4111 quod

214 4134 275 4195 sibi
300 4133 394 4198 frater
416 4157 492 4199 suus
516 4139 640 4200 solvere
664 4139 793 4201 dixisset
816 4140 849 4200 in
874 4139 938 4200 suis
963 4137 1121 4200 extremis.

321 4241 399 4304 ltem
425 4244 536 4306 Marko
560 4243 645 4307 filius
662 4245 797 4327 Mykech
811 4245 867 4307 filii
892 4242 1051 4305 Leonardi
1068 4257 1182 4304 octavo
1205 4242 1256 4303 die
1280 4262 1337 4324 per
1354 4242 1479 4325 Maren,

216 4347 359 4410 Francha
383 4348 579 4411 aurifabrum
604 4365 635 4412 et
659 4350 837 4434 Georgium
872 4364 1026 4412 sartorem
1057 4350 1281 4433 comprobabit
1303 4369 1399 4432 super
1423 4349 1479 4412 de·

215 4455 396 4517 vastacione
420 4476 476 4538 per
492 4457 609 4519 dictam
634 4463 759 4520 Annam
777 4478 866 4520 suam
892 4477 1062 4520 novercam
1087 4477 1143 4519 sue
1167 4457 1283 4519 domus
1299 4457 1368 4539 ipso
1388 4456 1478 4519 domi

215 4579 280 4621 non
305 4562 468 4625 existente.

319 4667 397 4728 ltem
431 4668 554 4730 Henrih
586 4668 715 4751 pellifex
747 4685 856 4732 contra
889 4670 1066 4752 Georgium
1096 4671 1239 4733 secundo
1264 4671 1376 4733 citatus
1412 4691 1478 4732 oon

213 4774 402 4856 comparuit.
