3404 5362
302 342 361 424 138
704 338 905 417 Ann01378.
928 374 972 385 —
996 354 1046 403 22.
1062 341 1157 416 junr'r'.

403 556 482 617 Item
519 555 615 615 Liber
651 553 814 616 Iohannes
845 566 955 615 contra
992 551 1169 613 Francham
1211 565 1299 613 actor
1331 553 1472 615 existens
1503 572 1568 614 non

298 677 488 744 comparuit.

403 768 482 830 Item
507 766 680 829 Chuethko
704 766 795 847 pivar
817 763 986 827 fideiussor
1010 765 1147 827 existens
1170 782 1229 846 pro
1253 783 1320 825 uno
1345 766 1430 827 bove
1455 764 1495 825 ad
1520 763 1568 847 ju-

297 873 425 936 sticiam
450 893 515 935 non
540 873 628 934 venit
650 891 756 953 neque
781 871 877 934 misit.

406 980 485 1042 Item
510 979 660 1060 magister
683 978 846 1039 lohannes
870 977 1003 1059 Crispus
1035 990 1144 1038 contra
1170 975 1364 1058 Gregorium
1395 976 1503 1059 primo
1527 976 1568 1039 ci-

298 1099 384 1148 tatus
408 1105 474 1146 non
499 1085 688 1166 comparuit.

272 1316 274 1323 ’
339 1322 438 1397 laria
468 1325 576 1394 tercia
604 1323 759 1410 proxima
788 1329 867 1392 ante
895 1321 1018 1392 festum
1042 1323 1133 1392 beati
1161 1320 1325 1410 Johannls
1352 1320 1519 1409 Baptiste.

840 1500 903 1565 (22.
926 1494 1034 1569 ylenii).

405 1653 513 1714 Primo
538 1652 636 1713 Pazar
661 1652 822 1712 Iohannes
846 1664 955 1713 contra
980 1648 1109 1712 fratrem
1135 1650 1210 1711 Kun
1235 1650 1340 1732 primo
1364 1649 1480 1711 citatus
1502 1668 1568 1709 non

300 1759 491 1841 comparuit.

404 1865 483 1927 Item
508 1863 670 1925 Iohannes
694 1863 809 1925 Zedlar
837 1877 946 1925 contra
979 1863 1158 1924 iohannem
1193 1863 1292 1925 Pazar
1315 1863 1421 1944 primo
1455 1862 1571 1928 citatus

298 1991 362 2033 non
394 1969 583 2052 comparuit.

405 2076 484 2138 Item
510 2074 580 2136 Elia
605 2071 766 2135 aurifaber
789 2075 897 2135 relicte
928 2073 1055 2155 Sugech
1088 2087 1217 2135 centurn
1242 2074 1391 2136 denarIos
1416 2074 1449 2135 ln
1474 2074 1570 2155 quin-

298 2183 390 2246 denis
414 2182 585 2264 persolvet.

406 2288 484 2350 Item
510 2287 667 2348 Renarius
698 2299 808 2348 contra
840 2287 1010 2348 Nicolaum
1043 2287 1182 2367 juratum
1213 2286 1318 2368 prImo
1349 2286 1465 2347 citatus
1501 2305 1570 2346 non

298 2394 490 2476 comparuit.

405 2499 483 2560 Item
518 2498 604 2580 Span
640 2512 753 2560 octavo
787 2498 838 2560 dle
871 2518 927 2580 per
959 2498 1094 2559 Paulum
1129 2497 1287 2580 Chaplich
1319 2511 1349 2559 et
1381 2496 1571 2578 Philippum

298 2619 407 2668 contra
434 2604 539 2665 Ellam
564 2601 760 2664 aurifabrum
786 2605 944 2683 atestabit,
968 2603 1046 2684 quid
1069 2604 1198 2665 scierim
1215 2604 1297 2665 inter
1321 2603 1418 2685 ipsos,
1444 2602 1568 2664 dicent.

404 2709 483 2770 Item
509 2708 656 2791 Mychael
686 2708 770 2769 filius
802 2710 893 2771 Pauli
925 2723 1035 2772 contra
1060 2709 1230 2770 dominum
1263 2709 1435 2771 Micusium
1460 2709 1571 2790 primo

300 2816 414 2879 citatus
439 2834 504 2876 non
530 2814 719 2895 comparuit.

406 2921 485 2982 Item
510 2920 656 3003 Mychael
682 2920 766 2982 filius
784 2921 874 2983 Pauli
900 2923 1004 2985 eidem
1023 2922 1157 2984 domiuo
1180 2922 1317 2984 MIcusio
1341 2921 1428 3002 juxta
1452 2923 1571 2984 seriem

300 3046 431 3090 suarum
448 3028 611 3088 literarum
628 3026 893 3107 obligatoriarnm
915 3029 1035 3090 XXXV
1052 3048 1175 3090 marcas
1192 3029 1398 3090 denariorum
1423 3028 1456 3089 in
1474 3029 1572 3110 quln-

301 3133 392 3194 denis
416 3133 586 3215 persolvet.

404 3239 482 3301 Item
507 3239 658 3320 magister
675 3238 808 3322 Crispus
832 3255 941 3302 contra
959 3240 1137 3321 Georgium
1154 3240 1404 3303 stachionariunt
1421 3242 1568 3303 secundo

298 3345 413 3407 citatus
437 3365 502 3406 non
527 3346 715 3426 comparuit.

404 3468 482 3530 Item
517 3489 609 3529 causa
634 3469 772 3530 Vardich
806 3483 836 3531 et
868 3469 1024 3533 Iohannis
1048 3484 1095 3532 est
1125 3491 1183 3552 per
1212 3468 1353 3549 judicem
1385 3469 1426 3531 ad
1454 3469 1570 3533 feriam

297 3589 417 3637 sextam
444 3575 615 3656 plusquam
640 3589 808 3636 venturam
832 3590 1002 3657 prorogata
1027 3577 1067 3637 ad
1092 3595 1214 3658 pacem,
1238 3576 1263 3636 si
1287 3575 1395 3638 medlo
1419 3590 1570 3659 tempore

299 3681 494 3742 concordare
519 3694 679 3761 poterunt,
704 3682 784 3741 bene
818 3681 961 3762 quidem,
991 3682 1136 3763 alioquin
1167 3682 1356 3763 rescriptum
1380 3684 1569 3745 testamenti

299 3787 392 3848 nobis
415 3801 597 3867 presentare
622 3786 752 3848 debebit
779 3786 940 3847 Iohannes
965 3788 1137 3869 predictus,
1158 3801 1193 3849 ut
1217 3788 1287 3869 ipso
1311 3788 1380 3848 viso
1405 3788 1568 3868 justiciam

297 3891 401 3954 lacere
426 3893 604 3973 poterImus
629 3893 709 3953 Inter
726 3906 830 3973 partes
855 3894 1034 3974 premissas.

404 4016 483 4078 Item
516 4036 610 4077 causa
642 4015 826 4077 carnificum
862 4030 893 4077 et
925 4016 1056 4098 Georgii
1090 4017 1183 4097 iurati
1217 4031 1264 4078 est
1288 4031 1360 4099 post
1391 4016 1569 4079 adventum

298 4122 441 4203 ipsorum
467 4121 651 4184 carnificum
675 4122 714 4183 de
740 4123 890 4184 Leubaco
915 4123 954 4183 de
972 4123 1126 4185 nundinis
1149 4143 1205 4205 per
1229 4123 1401 4185 Nicolaum
1426 4124 1566 4185 condam

296 4227 435 4307 judIcem
460 4244 490 4290 et
515 4229 635 4290 Lucam
660 4229 789 4291 Bonioli
814 4243 940 4311 recepta
965 4230 1004 4290 ad
1029 4250 1152 4312 pacem.

402 4335 479 4395 Item
505 4336 655 4415 magister
679 4335 841 4397 Iohannes
866 4335 998 4417 Crispus
1022 4353 1132 4398 contra
1157 4336 1328 4398 Nicolaum
1352 4336 1495 4399 secundo
1523 4337 1566 4398 ci-

297 4455 381 4503 tatus
404 4460 470 4502 non
495 4441 684 4522 comparuit.

403 4565 481 4627 Item
508 4563 688 4645 Stephanus
712 4563 842 4645 pellifex
867 4579 975 4626 contra
1000 4566 1171 4628 Nicolaum
1204 4587 1395 4630 assessorem
1420 4569 1565 4631 secundo

298 4670 411 4733 citatus
438 4689 502 4731 non
528 4670 716 4751 comparuit.

404 4776 481 4838 Item
515 4776 625 4836 Petrus
650 4791 758 4838 contra
784 4777 975 4858 Dyonisium
1001 4777 1106 4859 primo
1138 4780 1251 4841 citatus
1275 4799 1340 4842 non
1370 4779 1563 4862 comparuit.
