3404 5362
213 349 256 410 40
630 322 831 402 Ann01376.
857 357 897 367 —
924 321 953 383 6.
979 323 1059 383 maii.

231 546 329 622 feria
357 550 462 621 tercia
492 550 525 618 in
553 546 639 618 festo
668 546 824 617 videlieet
851 544 943 615 beati
971 542 1138 633 johannis
1166 540 1375 628 evangeliste
1401 545 1478 608 ante
1519 536 1523 541 ’

687 676 821 758 portam
848 668 1001 739 latinam.

762 815 810 899 (6.
833 816 930 899 maie).

294 985 298 991 ·
320 946 429 1008 Primo
453 945 561 1007 relicta
586 943 711 1006 Crisani
736 956 766 1004 et
788 943 925 1004 lacobus
949 939 1080 1023 pellifex
1112 952 1222 1002 contra
1246 939 1390 1001 relictam
1417 939 1472 998 Ni-

213 1054 296 1117 colai
321 1052 432 1115 Touth
457 1052 497 1113 de
522 1050 723 1112 Zomzeduar
746 1062 860 1110 octavo
885 1047 936 1110 die
962 1047 1213 1129 respondebunt.

321 1159 400 1220 ltem
430 1158 583 1220 Nicolaus
613 1155 697 1218 filius
728 1154 853 1217 Nicolai
885 1167 995 1217 contra
1028 1153 1171 1214 Priorem
1203 1164 1316 1214 octavo
1350 1151 1402 1212 die
1434 1170 1483 1211 re·

214 1264 397 1349 spondebit.

321 1370 398 1432 ltem
423 1389 516 1431 causa
541 1367 667 1429 Andree
692 1381 723 1429 et
746 1367 911 1429 Benedicti
943 1364 1032 1447 figuli
1057 1378 1104 1427 est
1136 1385 1192 1447 per
1216 1364 1417 1446 Stephanum
1455 1376 1486 1426 et

209 1455 410 1557 ⁴Gregorium
433 1475 551 1557 Angeli
575 1475 616 1537 ad
640 1488 713 1536 octo
737 1474 805 1535 dies
829 1487 955 1555 recepta
979 1472 1019 1534 ad
1042 1491 1165 1555 pacem.

321 1582 399 1644 Item
425 1602 517 1644 causa
542 1581 651 1643 relicte
669 1581 847 1642 Sabastiani
864 1594 894 1641 et
918 1580 1002 1640 Petri
1020 1579 1149 1640 sartoris
1173 1578 1281 1641 estad
1306 1578 1483 1639 adventum

214 1689 343 1751 testium
368 1688 407 1749 de
431 1687 585 1750 nundinis
609 1699 790 1770 prorogata.

322 1795 399 1857 ltem
416 1815 510 1857 causa
527 1794 637 1856 Jacobi
655 1792 712 1855 filii
726 1793 825 1855 Marci
842 1805 873 1854 et
886 1792 1014 1854 Andree
1032 1791 1183 1854 aurifabri
1201 1805 1247 1853 est
1263 1810 1320 1873 per
1337 1791 1480 1852 Brumen

214 1899 411 1963 aurifabrum
434 1914 465 1962 et
488 1900 624 1962 Paulum
650 1901 759 1982 Kypar
782 1899 822 1959 ad
846 1911 919 1959 octo
944 1897 1013 1959 dies
1035 1912 1162 1980 recepta
1186 1897 1226 1959 ad
1249 1916 1373 1979 pacem.

321 2006 398 2068 ltem
423 2026 516 2068 causa
533 2005 676 2067 Franche
701 2020 731 2067 et
749 2005 876 2066 Martini
901 2003 1071 2086 Zequiricb
1089 2018 1134 2065 est
1150 2024 1207 2087 per
1230 2017 1324 2065 testes
1348 2002 1388 2064 ad
1406 2017 1482 2065 octo

216 2112 284 2174 dies
308 2126 434 2194 recepta
458 2113 498 2175 ad
523 2131 645 2194 pacem.

323 2219 401 2281 ltem
427 2218 590 2281 Johannes
614 2217 691 2299 vigil
716 2231 829 2279 octavo
854 2217 906 2278 die
930 2236 987 2299 per
1017 2216 1206 2297 magistrum
1231 2214 1375 2276 Francha
1400 2215 1484 2277 auri-

218 2325 345 2388 fabrum
371 2324 527 2402 atestabit,
552 2323 639 2406 quod
664 2325 769 2407 ipsum
787 2323 967 2405 Stephanus
985 2321 1080 2384 frater
1097 2321 1226 2383 Martini
1244 2321 1484 2403 vituperaverit.

323 2432 402 2493 Item
427 2450 519 2493 causa
545 2430 700 2492 Johannis
727 2429 890 2492 Chemerii
924 2442 955 2490 et
979 2428 1077 2490 Marci
1110 2426 1232 2490 Gemez
1257 2441 1304 2490 est
1334 2447 1392 2510 per
1417 2428 1484 2489 Ma-

217 2556 329 2598 renum
354 2536 394 2597 ad
419 2550 491 2598 octo
516 2536 584 2597 dies
607 2549 733 2618 recepta
758 2535 797 2595 ad
820 2554 945 2617 pacem.

323 2641 400 2702 ltem
425 2660 518 2702 causa
542 2640 633 2702 Pauli
660 2641 769 2723 Kypar
793 2653 823 2702 et
848 2639 983 2723 Mykech
1008 2641 1138 2702 sartoris
1162 2654 1208 2701 est
1231 2660 1288 2722 per
1313 2640 1484 2702 luaninum

217 2761 248 2810 et
272 2747 475 2810 Clementem
499 2747 538 2808 ad
563 2760 636 2808 octo
661 2746 728 2808 dies
752 2761 878 2828 recepta
901 2746 941 2807 ad
965 2766 1087 2829 pacem.

324 2854 402 2915 Item
427 2853 580 2915 Nicolaus
602 2872 673 2913 cum
699 2852 844 2914 Johanne
862 2865 976 2915 octavo
1000 2852 1051 2913 die
1068 2851 1186 2933 jurabit
1208 2872 1304 2935 super
1328 2872 1378 2932 eo,
1395 2855 1485 2935 quod

218 2962 323 3043 ipsum
347 2959 539 3022 Valentinus
562 2959 788 3021 verberaverit.

322 3064 399 3128 ltem
431 3084 524 3127 causa
557 3065 696 3127 Ladislai
729 3065 812 3126 tular
841 3078 872 3127 et
909 3063 1010 3127 Curse
1049 3064 1318 3127 molendinatoris
1351 3078 1398 3127 est
1429 3087 1486 3149 per

218 3171 354 3233 Paulum
380 3171 490 3254 Kypar
514 3183 545 3234 et
569 3170 771 3233 Clementem
796 3171 836 3232 ad
859 3184 932 3232 octo
961 3170 1029 3232 dies
1053 3184 1179 3252 recepta
1204 3170 1243 3231 ad
1269 3190 1393 3252 pacem.

322 3277 400 3339 ltem
425 3276 548 3338 Marina
579 3276 695 3338 mulier
727 3289 836 3338 contra
868 3277 1023 3337 Jacobum
1047 3276 1219 3359 pellificem
1251 3279 1358 3359 primo
1390 3279 1486 3343 citata

218 3401 284 3444 non
309 3383 497 3464 comparuit.

324 3488 401 3551 ltem
427 3488 550 3550 Mariua
574 3489 691 3552 mulier
714 3503 824 3551 contra
847 3488 1011 3551 Andream
1035 3502 1136 3552 tascar
1162 3490 1267 3572 primo
1293 3491 1387 3554 citata
1418 3512 1485 3554 non

218 3594 407 3676 comparuit.

323 3700 402 3761 ltem
426 3699 562 3762 Mathias
578 3697 662 3761 filius
687 3699 762 3761 luan
779 3712 893 3761 octavo
919 3700 970 3762 die
994 3701 1063 3781 jura
1082 3702 1251 3764 ostendere
1268 3702 1365 3765 debet
1388 3723 1487 3786 super

218 3805 322 3884 civile,
346 3805 540 3887 respondere
556 3818 664 3867 autem
682 3805 776 3868 debet
789 3819 898 3867 contra
914 3807 1102 3888 magistrum
1120 3807 1263 3869 Franche
1285 3807 1485 3872 aurifabrum

218 3925 249 3974 et
273 3910 366 3972 illum
390 3911 556 3973 hominem
580 3931 639 3993 pro
664 3930 729 3993 quo
753 3926 799 3974 est
827 3910 995 3974 fideiussor
1027 3926 1164 3975 statuere
1197 3913 1293 3976 debet
1316 3928 1347 3977 et
1374 3932 1487 3979 contra

218 4016 358 4098 judicem
383 4035 531 4079 necnon
555 4036 727 4100 preconem
751 4018 897 4080 similiter
920 4019 1114 4101 respondere
1139 4019 1243 4083 debet.

326 4123 403 4185 ltem
427 4123 517 4185 Hans
541 4137 649 4186 contra
667 4124 774 4186 Deseu
791 4136 906 4187 octavo
923 4125 975 4187 die
1000 4125 1179 4187 duodecem
1196 4126 1342 4208 personis
1366 4125 1488 4207 jurabit

219 4248 314 4312 super
338 4248 388 4308 eo,
412 4229 500 4310 quod
524 4229 584 4290 sibi
607 4230 726 4290 XXXlI
757 4245 787 4293 et
815 4230 960 4292 medium
985 4230 1054 4293 flor.
1087 4251 1153 4293 non
1176 4245 1356 4309 teneretur;
1381 4233 1486 4314 ipsam

218 4347 326 4396 autem
350 4354 478 4397 causam
502 4335 662 4417 predictus
687 4335 791 4398 Deseu
813 4336 853 4399 ad
879 4338 1029 4419 antiquos
1053 4337 1174 4419 judices
1198 4339 1382 4421 appellavit.

325 4441 403 4504 ltem
427 4440 590 4502 Johannes
612 4440 697 4503 filius
721 4442 866 4505 Dominus
891 4443 1041 4527 Philippo
1057 4445 1184 4507 medico
1207 4461 1329 4529 septem
1353 4445 1424 4509 flor.
1452 4447 1485 4510 in

219 4547 392 4628 quindenis
416 4547 585 4629 persolvet.

325 4653 402 4714 item
427 4673 520 4715 causa
552 4653 661 4716 relicte
694 4652 787 4715 Frich
820 4669 851 4717 et
875 4657 999 4720 Nicolai
1034 4672 1080 4719 est
1111 4679 1167 4740 per
1191 4659 1312 4740 judices
1335 4659 1374 4721 ad
1408 4675 1485 4724 octo

220 4757 287 4819 dies
311 4773 480 4840 prorogata
505 4760 546 4822 ad
570 4779 693 4843 pacem,
718 4760 863 4842 alioquin
893 4762 1050 4843 justiciam
1082 4764 1237 4851 faciemus
1262 4766 1343 4827 inter
1366 4780 1486 4849 partes.
