3404 5362
218 360 279 440 136
621 353 818 435 Ann01378.
844 390 884 400 —
910 355 960 419 18.
977 359 1069 432 Jicnii.

320 570 397 632 Item
422 586 537 632 octavo
562 568 613 630 die
639 569 807 630 Elizabeth
832 588 865 629 se
889 568 1027 630 secunda
1052 568 1179 647 jurabit,
1204 569 1292 649 quod
1318 569 1388 650 ipsa
1405 587 1484 631 uxo·

213 696 281 738 rem
306 696 356 737 ser
380 676 546 738 Benedicti
572 695 636 736 non
665 675 903 756 vituperaverit.

322 782 400 845 Item
426 781 593 844 Elizabeth
626 781 743 843 ancilla
773 779 926 863 Gyurgek
955 780 1156 862 calcariparis
1187 795 1301 842 octavo
1326 780 1380 842 die
1404 780 1485 843 duo·

215 889 320 951 decim
345 890 491 971 personis
515 888 632 968 jurabit
656 888 687 948 in
720 906 776 966 eo,
801 886 888 968 quod
914 888 980 968 ipsa
1012 868 1174 947 insciasit
1197 887 1230 948 in
1261 886 1407 968 dampno
1430 906 1485 969 pe·

220 996 314 1056 cunie
340 996 439 1077 ipsius
464 994 617 1077 Gyurgek
642 1007 673 1055 et
697 992 785 1073 quod
810 1012 884 1053 cum
908 1012 967 1054 suo
992 992 1127 1054 consilio
1150 1011 1215 1054 non
1239 990 1346 1053 fuerit.

319 1101 397 1163 Item
415 1100 522 1162 Hanse
546 1119 604 1160 suo
621 1099 807 1160 testimonio
824 1099 988 1173 atestavit;
1010 1112 1041 1159 et
1064 1118 1138 1159 cum
1155 1098 1209 1160 ille
1233 1097 1333 1160 homo
1357 1099 1484 1160 venerit

214 1205 254 1268 de
280 1207 386 1267 Kerka
411 1206 451 1269 de
476 1207 545 1288 ipso
569 1205 725 1286 justiciam
751 1203 914 1266 faciemus.

322 1312 399 1373 Item
424 1332 473 1373 ser
498 1311 690 1373 Benedictus
714 1325 745 1373 et
769 1310 960 1372 Valentinus
983 1323 1097 1372 octavo
1122 1310 1173 1371 die
1198 1310 1349 1390 jurabunt
1373 1325 1485 1374 contra

215 1416 385 1479 Elizabeth
410 1418 579 1479 mulierem
601 1437 696 1498 super
717 1416 842 1478 duabus
865 1416 1013 1478 camisiis.

218 1632 317 1707 Feria
345 1645 443 1708 sexta
471 1639 626 1726 proxima
654 1645 730 1725 post
758 1636 882 1708 festum
908 1637 1135 1708 sacratissimi
1164 1637 1315 1724 corporis
1345 1633 1485 1708 Christi.

757 1787 822 1865 (18.
838 1788 949 1866 junii).

322 1930 429 1990 Primo
462 1929 610 2011 Mychael
642 1928 727 1991 lilius
759 1930 851 1991 Pauli
882 1929 960 1991 Zedi
994 1930 1133 1990 MartIno
1165 1929 1275 1990 villico
1301 1929 1362 1990 vici
1399 1931 1485 1991 Lati-

214 2055 330 2098 norum
358 2036 388 2095 in
414 2035 587 2116 quindenis
611 2035 761 2096 undecim
786 2056 901 2117 pensas
925 2036 1130 2097 denariorum
1156 2035 1309 2097 exsolvet.

320 2141 399 2203 Item
413 2141 588 2202 Mauricius
605 2154 714 2202 contra
732 2140 912 2203 Iohannem
929 2141 1047 2202 Lieber
1062 2153 1176 2201 octavo
1194 2140 1246 2201 die
1263 2141 1484 2222 respondebit.

321 2248 399 2308 Item
425 2248 578 2308 Nicolaus
602 2246 728 2309 Crisani
747 2247 906 2330 Mychaeli
931 2247 998 2308 lilio
1016 2247 1108 2307 Pauli
1132 2248 1164 2307 in
1182 2246 1357 2328 quindenis
1380 2248 1486 2309 XXIII

214 2353 283 2416 flor.
309 2353 377 2414 auri
403 2367 434 2415 et
457 2353 660 2435 septuaginta
684 2366 823 2434 quatuor
844 2353 993 2415 denarios
1016 2353 1180 2414 exsolvere
1205 2352 1310 2415 debet.

323 2460 403 2520 Item
428 2479 523 2520 causa
548 2460 678 2521 Renarii
711 2474 741 2520 et
774 2459 941 2521 cuiusdam
973 2458 1121 2541 pellificis
1152 2474 1199 2520 est
1221 2479 1278 2541 per
1302 2459 1486 2523 Iohannem

216 2566 333 2627 Lieber
357 2579 388 2626 et
413 2564 608 2647 Gregorium
634 2566 752 2647 Angeli
776 2565 815 2627 ad
840 2581 914 2628 octo
947 2565 1015 2626 dies
1039 2579 1166 2647 recepta
1188 2565 1229 2626 ad
1253 2585 1376 2647 pacem.

321 2671 400 2731 Item
412 2670 537 2751 Filipus
551 2685 660 2732 contra
675 2672 845 2733 Nicolaum
859 2673 1057 2733 sacerdotem
1072 2686 1185 2733 octavo
1199 2671 1251 2733 die
1265 2674 1487 2754 respondebit.

321 2778 399 2838 Item
432 2797 525 2838 causa
558 2777 684 2838 NicoIai
717 2780 882 2839 assessoris
914 2792 944 2840 et
976 2777 1108 2858 Georgii
1141 2778 1325 2860 calcaripari
1351 2792 1398 2840 est
1429 2800 1488 2862 per

215 2885 397 2945 Iohannem
430 2883 546 2944 Lieber
578 2897 609 2944 et
641 2881 836 2964 Gregorium
869 2884 985 2965 Angeli
1018 2884 1058 2945 ad
1082 2885 1223 2966 primum
1255 2884 1412 2965 judicium
1437 2906 1487 2947 re·

215 3003 306 3071 cepta
330 2989 371 3049 ad
395 3008 518 3070 pacem.

322 3094 400 3155 Item
426 3094 608 3175 Stephanus
639 3093 769 3176 pellifex
803 3111 912 3157 contra
938 3097 1109 3158 Nicolaum
1141 3096 1247 3178 primo
1280 3096 1394 3157 citatus
1418 3117 1487 3160 non

217 3201 406 3281 comparuit.

321 3307 398 3367 Item
424 3308 590 3369 Emericus
622 3323 732 3369 contra
763 3309 892 3369 Petrum
918 3310 1023 3389 primo
1056 3310 1170 3370 citatus
1201 3329 1266 3370 non
1292 3313 1486 3393 comparuit.

324 3413 401 3475 Item
428 3434 522 3475 causa
547 3413 678 3494 Georgii
696 3414 789 3495 jurati
815 3430 845 3476 et
869 3415 1047 3477 Clementis
1064 3416 1245 3496 jobagionis
1269 3415 1413 3497 Capituli
1439 3435 1488 3481 est

215 3539 271 3601 per
295 3521 560 3580 communitatem
594 3534 666 3601 post
698 3519 870 3582 adventurn
906 3521 1057 3602 Matheyk
1089 3521 1245 3583 carnificis
1270 3522 1309 3583 ad
1341 3525 1487 3604 primum

214 3624 368 3707 judicium
395 3640 577 3707 prorogata.

319 3731 398 3791 Item
423 3731 574 3810 magister
607 3732 769 3793 lohannes
801 3732 935 3814 Crispus
968 3747 1079 3794 contra
1104 3734 1276 3795 Nicolaum
1300 3735 1409 3816 primo
1442 3738 1487 3798 ci·

212 3849 296 3898 tatus
329 3855 395 3897 non
420 3837 610 3917 comparuit.

322 3943 399 4003 Item
427 3942 546 4004 Paulus
577 3943 737 4006 aurifaber
769 3959 878 4006 contra
904 3945 1084 4008 Corardum
1117 3959 1272 4008 textorem
1308 3947 1417 4029 primo
1442 3950 1486 4011 ci·

216 4062 298 4109 tatus
322 4068 387 4109 non
413 4049 603 4130 comparuit.

323 4154 399 4214 Item
425 4174 518 4214 causa
546 4154 616 4215 EIie
641 4154 792 4218 aurifabri
825 4172 856 4218 et
880 4156 1035 4218 Iohannis
1059 4157 1140 4220 fabri
1165 4173 1211 4220 est
1234 4178 1291 4240 per
1307 4160 1484 4224 Nicolaum

213 4259 332 4320 Mahne
357 4273 388 4320 et
413 4258 607 4340 Gregorium
632 4282 742 4323 voscar
767 4264 807 4323 ad
832 4277 904 4324 octo
930 4263 997 4324 dies
1022 4280 1148 4347 recepta
1172 4265 1212 4327 ad
1237 4285 1361 4347 pacem.

318 4365 396 4426 Item
421 4384 514 4426 causa
539 4365 612 4426 WIf
634 4381 664 4428 et
688 4388 743 4428 sue
768 4369 927 4448 clavigera
952 4383 998 4430 est
1019 4391 1074 4451 per
1099 4371 1279 4432 Iohannem
1306 4372 1424 4434 Lieber
1441 4377 1483 4437 ad

213 4486 287 4533 octo
312 4471 381 4531 dies
405 4486 530 4552 recepta
555 4472 594 4532 ad
619 4493 741 4554 pacem.

322 4576 399 4637 Item
425 4576 631 4660 Wlkouycha
656 4599 756 4659 usque
782 4594 855 4641 octo
880 4580 947 4641 dies
970 4580 1111 4660 judicem
1135 4583 1261 4665 placare
1286 4585 1393 4647 debet.

322 4683 398 4743 Item
432 4682 604 4745 Chuethko
637 4699 745 4746 contra
778 4687 948 4747 Nicolaum
983 4687 1107 4749 Odolas
1135 4691 1239 4771 primo
1271 4690 1386 4752 citatus
1418 4713 1484 4756 non

216 4788 404 4869 comparuit.
