3404 5362
227 401 270 462 34
624 379 710 436 Anno
735 377 824 454 1376.
851 412 890 422 —
915 393 946 456 4.
971 375 1085 453 aprilis.

225 606 271 652 est
295 604 367 673 post
391 591 564 652 adventum
589 589 764 671 Dragozlai
789 589 882 670 jurati
907 590 947 651 de
971 589 1076 650 Roma
1094 601 1263 669 prorogata
1288 589 1328 650 ad
1353 589 1494 670 prImum

225 696 392 778 judicium.

331 804 409 865 Item
426 803 511 864 -Iuan
544 815 653 865 contra
687 801 870 864 Emericum
902 801 1007 883 primo
1039 798 1160 881 judicio
1191 815 1264 882 post
1294 799 1413 862 Pascha
1445 820 1493 863 re·

224 909 407 993 spondebit.

330 1015 409 1077 Item
443 1034 536 1077 causa
573 1014 642 1075 Kus
666 1027 697 1075 et
729 1012 861 1094 Georgii
893 1026 940 1074 est
970 1031 1027 1094 per
1052 1010 1231 1093 Georgium
1263 1023 1419 1073 sartorem
1452 1011 1493 1073 ad

223 1120 364 1203 primum
388 1119 544 1201 judicium
567 1132 693 1201 recepta
717 1117 757 1180 ad
781 1137 906 1201 pacem.

329 1227 407 1287 Item
439 1226 589 1307 magister
623 1224 790 1287 Marketho
815 1244 889 1286 cum
920 1223 1050 1306 Mathya
1082 1221 1244 1284 aurifabro
1280 1221 1312 1283 in
1337 1223 1493 1285 omnibus

224 1332 327 1394 causis
349 1332 565 1410 concordavit,
597 1351 656 1393 nec
679 1331 788 1412 aliqua
820 1350 892 1412 pars
924 1343 1033 1391 contra
1066 1342 1189 1411 partem
1219 1328 1354 1389 alteram
1387 1329 1493 1390 insur-

221 1437 340 1518 gendo,
356 1438 582 1500 tantummodo
605 1438 672 1520 ipse
691 1436 809 1499 Mathia
834 1436 893 1517 ipsi
912 1433 1112 1497 Markethoni
1131 1454 1232 1516 usque
1250 1433 1372 1496 festum
1389 1436 1493 1497 sancti

223 1544 306 1624 regis
331 1543 482 1625 Stephani
508 1564 594 1606 nunc
617 1558 789 1604 venturum
814 1541 974 1624 persolvet
998 1542 1080 1603 duos
1104 1541 1254 1603 florenos.

329 1651 407 1713 Item
432 1670 526 1713 causa
551 1649 683 1731 Georgii
709 1664 740 1711 et
765 1649 904 1710 Martink
921 1662 967 1711 est
990 1667 1047 1730 per
1070 1661 1164 1710 testes
1182 1648 1223 1709 ad
1239 1648 1381 1730 primum
1405 1647 1491 1731 judi·

224 1756 309 1818 cium
333 1770 405 1839 post
429 1756 526 1819 Pasca
551 1770 675 1839 recepta
697 1755 738 1818 ad
763 1774 886 1838 pacem.

329 1862 406 1924 Item
431 1863 502 1924 Elia
526 1860 686 1924 aurifaber
709 1876 819 1923 contra
848 1861 917 1922 Kus
939 1880 972 1921 se
1003 1860 1120 1922 tercius
1143 1874 1214 1942 post
1245 1860 1342 1922 Pasca
1366 1859 1491 1941 jurabit

223 1986 319 2049 super
343 1988 393 2048 eo,
417 1969 505 2050 quod
529 1969 598 2050 ipse
622 1987 741 2029 asseres
765 1967 864 2049 ipsius
890 1967 957 2027 Kus
986 1985 1052 2027 non
1076 1966 1245 2047 recepisset
1269 1963 1396 2027 furtIve.

328 2076 406 2137 Item
423 2073 498 2137 Inan
516 2089 626 2137 contra
643 2075 777 2135 luanum
794 2074 899 2156 primo
917 2072 1036 2153 judicio
1053 2087 1125 2154 post
1146 2073 1263 2135 Pascha
1280 2092 1337 2155 per
1350 2073 1489 2136 Paulum

226 2195 257 2244 et
280 2180 429 2245 Chuethk
453 2181 610 2258 atestabit‚
643 2180 731 2262 quod
766 2181 833 2262 lpse
869 2179 1009 2261 quedam
1040 2178 1188 2240 clenodia
1211 2194 1361 2261 argentea
1393 2181 1487 2242 uxori

222 2287 366 2350 Barberii
395 2287 639 2370 inpignorasset.

327 2394 405 2456 Item
431 2393 549 2454 Paulus
572 2392 657 2453 filius
680 2392 835 2453 Doklesin
860 2404 969 2454 contra
994 2392 1128 2453 luanum
1153 2411 1208 2473 per
1233 2390 1434 2473 Stephanum
1459 2406 1491 2455 et

223 2500 391 2561 Miclinum
416 2499 573 2577 atestabit,
598 2497 686 2580 quod
710 2498 815 2579 ipsum
840 2496 926 2559 idem
952 2499 1037 2559 Iwan
1064 2497 1300 2579 vituperaverit.

327 2605 405 2666 Item
430 2624 522 2666 causa
548 2604 685 2686 Philippi
704 2618 734 2665 et
759 2603 878 2665 Mathie
895 2602 1046 2666 aurifabri
1072 2616 1103 2664 et
1121 2623 1178 2685 per
1202 2602 1383 2665 Iohannem
1401 2602 1487 2666 Che·

118 2790 122 2797 ·
221 2711 313 2772 metii
339 2711 378 2771 ad
404 2710 544 2791 primum
568 2709 724 2791 judicium
749 2724 820 2792 post
846 2709 963 2770 Pascha
989 2724 1114 2792 recepta
1139 2709 1179 2771 ad
1203 2728 1327 2790 pacem.

327 2818 405 2880 Item
430 2836 524 2878 causa
548 2817 656 2877 relicte
682 2816 861 2878 Sabastiani
886 2830 916 2879 et
935 2817 1053 2878 Mathie
1078 2815 1230 2878 aurifabri
1247 2829 1294 2877 est
1317 2836 1374 2898 per
1390 2830 1488 2879 testes

221 2924 262 2985 ad
287 2925 427 3006 prImnm
451 2922 605 3004 judicium
632 2937 703 3005 post
727 2923 823 2985 Pasca
846 2937 971 3006 recepta
996 2924 1035 2984 ad
1060 2943 1183 3004 pacem.

325 3030 403 3091 Item
429 3030 548 3091 Mathia
571 3028 732 3091 aurifaber
755 3043 864 3092 contra
898 3029 1106 3091 Anthonium
1132 3028 1279 3112 Zitarych
1309 3028 1415 3111 prImo
1440 3029 1488 3111 ju-

219 3136 304 3199 dicio
328 3150 400 3217 post
423 3136 520 3198 Pasca
544 3135 760 3218 respondebit.

325 3242 403 3303 Item
430 3240 610 3323 Stephanus
639 3255 741 3302 sartor
773 3253 882 3302 contra
913 3241 1115 3302 Anthonium
1147 3241 1252 3323 primo
1275 3240 1389 3303 citatus
1421 3261 1487 3304 non

220 3349 410 3432 comparuit.

326 3454 404 3515 Item
430 3473 524 3516 causa
547 3454 637 3515 Pauli
664 3455 773 3536 Kypar
797 3467 827 3516 et
850 3453 970 3514 Mathei
999 3452 1151 3516 aurifabri
1175 3466 1222 3515 est
1244 3473 1299 3534 per
1323 3466 1418 3515 testes
1443 3454 1485 3516 ad

219 3561 360 3643 prImum
385 3559 540 3640 judicium
565 3572 637 3640 post
660 3559 756 3620 Pasca
780 3574 905 3641 recepta
930 3559 971 3620 ad
995 3579 1116 3640 pacem.

324 3666 403 3728 Item
428 3665 574 3727 Thomas
591 3664 674 3727 filius
692 3665 798 3727 Endre
820 3679 929 3728 contra
961 3665 1213 3727 Paradechalma
1239 3685 1271 3725 se
1297 3666 1432 3727 omnino
1458 3681 1489 3728 et

218 3773 357 3835 totaliter
381 3772 413 3833 in
437 3771 580 3852 quodam
605 3771 763 3852 vituperio
787 3771 984 3852 expurgavit.

324 3878 402 3939 Item
421 3875 601 3958 Stephanus
615 3891 723 3938 contra
737 3877 947 3939 Benedictnm
964 3877 1069 3959 primo
1083 3877 1195 3938 citatus
1212 3896 1278 3938 non
1291 3878 1484 3958 comparuit.

321 3983 400 4044 Item
424 4001 518 4044 causa
535 3981 739 4065 Cordaryche
765 3997 794 4045 et
819 3983 916 4044 Iuane
941 3997 988 4044 est
1012 4002 1068 4064 per
1085 3982 1273 4045 Marthouos
1296 3983 1486 4065 seIIiparum

217 4089 258 4151 ad
282 4088 421 4171 primum
446 4087 602 4169 judicium
626 4102 697 4169 post
722 4088 818 4149 Pasca
843 4101 968 4170 recepta
992 4088 1032 4150 ad
1057 4108 1180 4170 pacem.

322 4193 402 4255 Item
426 4212 519 4254 causa
544 4193 633 4254 Kusk
658 4208 689 4254 et
706 4193 787 4276 Elye
804 4194 951 4275 preconis
974 4209 1020 4255 est
1036 4214 1092 4275 per
1113 4194 1294 4256 Iohannem
1319 4194 1486 4260 Chemerii

217 4299 257 4360 ad
281 4298 421 4380 primum
453 4297 609 4379 judicium
640 4312 711 4379 post
746 4298 842 4360 Pasca
870 4313 995 4382 recepta
1020 4301 1059 4361 ad
1086 4320 1212 4382 pacem,
1249 4314 1280 4363 et
1315 4300 1487 4366 fideiussor

216 4403 303 4465 idem
328 4402 490 4464 Iohannes
515 4401 678 4465 Chemerii
702 4423 760 4484 pro
785 4403 899 4466 eodem
924 4405 1078 4468 Kuskone
1102 4407 1344 4469 adstatuendus.

321 4508 399 4569 Item
416 4508 600 4571 Anthonius
616 4509 728 4592 Renyz
752 4525 861 4572 contra
879 4511 1098 4573 Alexandrum
1121 4513 1189 4574 sola
1215 4532 1350 4596 persona
1375 4513 1486 4593 primo

215 4611 336 4693 judicio
360 4628 432 4696 post
455 4614 552 4676 Pasca
585 4615 701 4695 jurabit
732 4636 826 4698 super
859 4636 908 4694 eo,
933 4617 1021 4698 quod
1053 4619 1114 4680 sibi
1140 4634 1217 4682 octo
1239 4637 1355 4700 pensas
1385 4619 1486 4683 dena·

215 4718 336 4780 rIorum
361 4719 400 4781 ad
425 4722 689 4783 communitatem
714 4742 778 4783 non
811 4723 950 4785 dedisset
972 4723 1034 4785 nisi
1063 4727 1202 4799 ¹nomine
1227 4723 1349 4799 mutni3
1374 4722 1486 4807 fruges

213 4838 321 4887 autem
344 4845 402 4908 pro
426 4826 590 4891 laboribus
614 4847 773 4909 equorum
796 4849 928 4891 suorum
953 4831 1039 4894 idem
1067 4829 1250 4892 Anthonius
1274 4830 1480 4913 percepisset.
