3404 5362
736 353 937 435 Anno1383.
965 390 1004 400 -
1027 371 1058 436 4.
1082 357 1256 431 septembris.

478 569 556 632 Item
592 567 773 652 Stephanus
803 568 945 631 salivena
980 581 1091 630 contra
1129 567 1257 630 Petrum
1290 565 1396 650 primo
1428 566 1545 628 citatus
1575 583 1633 626 non

370 677 559 760 comparuit.

478 783 555 846 Item
580 782 691 845 Petrus
715 782 747 844 in
773 781 873 843 domo
895 779 1122 863 Wlkouoyech
1155 780 1298 842 residens
1329 799 1431 862 usque
1456 778 1635 861 quiadenas

371 890 486 951 Paulas
509 888 589 950 duas
614 907 736 950 marcas
759 888 882 949 solvere
907 886 1013 950 debet.

474 994 553 1057 Item
588 993 677 1076 quod
712 995 789 1075 quia
825 992 1019 1056 Benedictus
1052 992 1234 1055 Mosnarich
1273 1006 1382 1054 contra
1413 991 1501 1053 Iwan
1536 989 1636 1052 filium

370 1100 498 1163 Andree
523 1119 616 1162 suum
633 1099 850 1180 juramentum
874 1114 969 1181 prout
986 1097 1047 1161 Iuit
1066 1099 1126 1161 sibi
1144 1097 1363 1179 adjudicatum
1387 1116 1453 1160 non
1478 1096 1638 1179 deposuit,

369 1208 444 1270 ideo
468 1227 594 1269 causam
620 1227 710 1269 suam
736 1205 886 1289 perdidit.

477 1313 555 1376 Item
578 1333 672 1378 causa
690 1313 773 1375 Petri
798 1326 908 1376 contra
926 1313 1107 1375 Iohannem
1130 1312 1171 1374 ad
1189 1324 1339 1374 octavum
1355 1310 1443 1374 diem
1467 1310 1510 1373 ad
1527 1330 1638 1393 pacem

370 1435 418 1484 est
441 1434 578 1503 recepta.

475 1527 553 1589 Item
571 1526 689 1588 Paulus
706 1525 790 1587 filius
815 1524 990 1588 Charaneri
1009 1524 1167 1605 Gregorio
1183 1523 1251 1587 filio
1273 1523 1473 1587 Chudauech
1490 1524 1635 1606 quiaque

370 1653 493 1694 marcas
516 1652 574 1717 pro
599 1632 730 1695 vulnere
754 1651 814 1694 suo
830 1651 932 1714 usque
956 1630 1137 1713 quindenas
1159 1630 1285 1693 solvere
1309 1630 1416 1693 debet.

397 1868 495 1942 Ieria
523 1878 621 1942 sexta
658 1872 814 1959 proxima
843 1877 920 1941 ante
948 1870 1071 1941 festum
1101 1868 1303 1941 Natiuitatis
1332 1868 1427 1940 beate
1455 1869 1611 1957 virginis.

883 2022 926 2100 (4.
942 2022 1127 2098 septembn’s).

477 2163 555 2226 Item
581 2162 757 2244 Gregorius
787 2161 871 2224 filius
896 2161 1048 2245 Stephani
1081 2175 1192 2225 contra
1216 2161 1372 2224 Mathiam
1402 2174 1560 2224 sartorem
1590 2181 1636 2224 ae·

373 2270 480 2333 cundo
505 2270 618 2331 citatus
642 2288 707 2330 non
732 2270 921 2351 comparuit.

480 2375 558 2438 Item
583 2394 677 2436 causa
701 2373 888 2456 Mosnarigh
912 2389 1021 2437 contra
1046 2375 1148 2458 Kyrin
1173 2387 1204 2437 et
1225 2373 1404 2456 Georgium
1428 2374 1470 2436 ad
1493 2388 1640 2437 octavum

371 2484 458 2544 diem
482 2482 522 2544 ad
547 2500 658 2563 pacem
683 2494 730 2543 est
754 2495 891 2563 recepta.

478 2589 557 2650 Item
583 2587 707 2668 Agatha
730 2587 847 2648 mulier
877 2587 1016 2650 secunda
1041 2608 1073 2649 se
1106 2601 1221 2650 octavo
1253 2588 1305 2649 die
1329 2608 1425 2671 super
1449 2608 1488 2651 eo
1514 2588 1640 2670 jurabit,

372 2695 461 2777 quod
487 2694 553 2777 ipsa
579 2693 664 2754 Iwan
691 2693 862 2775 Hlebopek
886 2708 917 2756 et
940 2714 1031 2755 suam
1054 2707 1235 2756 consortem
1260 2714 1326 2756 non
1350 2695 1575 2778 vituperasset.

477 2800 556 2862 Item
582 2799 730 2882 Mychael
753 2798 842 2861 faber
867 2814 976 2862 contra
994 2800 1131 2862 Paulum
1157 2799 1284 2862 fabrum
1308 2801 1414 2884 primo
1439 2802 1555 2865 citatus
1577 2822 1641 2865 non

372 2906 562 2990 comparuit.

478 3012 555 3073 Item
582 3012 747 3074 Emericus
763 3025 874 3074 contra
890 3011 998 3073 Endre
1017 3012 1083 3096 Syb
1100 3013 1205 3096 primo
1226 3013 1340 3075 citatus
1356 3032 1423 3075 non
1448 3013 1642 3096 comparuit.

480 3117 558 3181 Item
584 3138 678 3180 causa
710 3119 850 3180 Brumen
882 3132 992 3180 contra
1026 3120 1206 3181 Iohannem
1236 3119 1276 3181 ad
1308 3131 1458 3182 octavum
1484 3119 1572 3182 diem
1604 3119 1642 3181 ad

372 3244 486 3308 pacem
512 3237 558 3286 est
582 3239 718 3307 recepta.
1537 3202 1542 3215 ι

480 3332 556 3392 Item
583 3331 650 3392 Juri
674 3331 815 3392 salivena
841 3331 1027 3393 Carintinus
1051 3332 1185 3394 NicoIao
1203 3333 1326 3394 decano
1350 3331 1451 3394 sutori
1475 3351 1536 3414 pro
1561 3332 1643 3394 vitu·

373 3439 464 3521 perio
488 3456 546 3498 suo
571 3456 673 3518 usque
698 3436 877 3517 quindenas
900 3438 980 3499 duas
1004 3457 1127 3500 marcas
1150 3438 1274 3500 solvere
1298 3437 1403 3500 debet.

480 3543 557 3606 Item
583 3543 729 3605 Thomas
746 3543 785 3604 de
802 3545 873 3605 vico
891 3543 997 3605 lutoso
1015 3543 1143 3626 Philipo
1160 3543 1228 3606 filio
1246 3543 1376 3627 Stepani
1401 3562 1459 3627 pro
1483 3563 1543 3606 suo
1561 3544 1643 3605 vitu·

375 3651 465 3734 perio
489 3669 545 3711 seu
562 3650 767 3731 percussione
792 3669 888 3711 unam
906 3670 1046 3712 marcam
1063 3670 1165 3732 usque
1186 3651 1366 3733 quindenas
1391 3651 1516 3712 solvere
1535 3651 1642 3714 debet.

479 3754 558 3816 Item
583 3774 677 3816 causa
701 3754 877 3838 Mychaelis
902 3756 960 3817 filii
985 3757 1134 3819 Damiani
1166 3771 1276 3819 contra
1309 3755 1487 3840 Georgium
1512 3777 1644 3840 carpen-

374 3861 489 3923 tarium
514 3860 554 3921 ad
579 3874 729 3921 octavum
754 3861 839 3923 diem
865 3862 903 3922 ad
929 3882 1041 3945 pacem
1063 3876 1109 3923 est
1133 3877 1269 3946 recepta.

480 3968 558 4029 Item
595 3966 763 4050 Gyaninus
799 3969 868 4029 Bon
902 3989 1003 4050 usque
1039 3969 1219 4051 quindenas
1253 3970 1391 4033 Iohanni
1426 3969 1532 4051 jurato
1570 3984 1643 4034 octo

375 4094 496 4137 marcas
521 4088 552 4137 et
575 4088 703 4137 centum
729 4074 878 4136 denarios
901 4076 1026 4138 solvere
1050 4077 1155 4140 debet.

480 4179 558 4241 Item
576 4179 766 4241 Dominicus
783 4194 813 4242 et
831 4181 941 4242 Petrus
957 4197 1071 4244 octavo
1089 4182 1141 4244 die
1158 4181 1294 4264 quilibet
1311 4202 1423 4245 eorum
1440 4182 1530 4244 solus
1547 4203 1644 4265 super

376 4303 415 4346 eo
439 4284 600 4365 jurabunt,
625 4286 713 4367 quod
746 4286 805 4367 ipsi
838 4286 952 4349 Paulas
985 4308 1050 4349 uno
1082 4287 1206 4351 floreno
1238 4302 1269 4351 et
1292 4289 1333 4351 de
1363 4289 1455 4351 Iucro
1480 4288 1644 4352 debitores

376 4410 441 4451 non
467 4389 606 4470 suerunt,
632 4406 662 4453 et
687 4391 726 4453 de
750 4391 841 4453 lucro
866 4393 963 4455 nichil
990 4395 1180 4457 habuerunt.

483 4495 561 4557 Item
588 4496 696 4558 BartoI
721 4510 831 4558 contra
862 4497 1048 4582 Bedycham
1079 4501 1184 4582 primo
1216 4500 1329 4563 citatus
1361 4520 1427 4563 nou
1451 4502 1643 4584 comparuit.

484 4600 562 4664 Item
586 4621 680 4664 causa
706 4602 859 4686 Stephani
884 4619 994 4666 contra
1019 4605 1236 4687 Dragozlaum
1260 4607 1300 4668 ad
1324 4621 1474 4670 octavum
1499 4606 1585 4670 diem
1603 4606 1642 4669 ad

377 4726 490 4789 pacem
515 4722 561 4769 est
586 4724 721 4791 recepta.

483 4813 560 4876 Item
575 4814 816 4879 Blasiuscustos
828 4831 937 4879 contra
953 4816 1131 4900 Georgium
1141 4817 1240 4880 tercio
1253 4818 1367 4881 citatus
1375 4838 1442 4882 non
1451 4819 1640 4902 comparuit.
