3404 5362
226 354 286 417 134
631 333 831 414 Ann01378.
855 372 899 380 -
924 351 951 398 1.
967 338 1062 414 junt'a‘.

1097 444 1291 451 —.—....—
1305 446 1489 453 ..——-

221 549 314 611 cione
339 548 556 629 quorumdam
581 549 786 612 denariorum
811 549 940 611 cuidam
957 549 1081 611 bomini
1106 548 1145 610 de
1169 550 1228 610 sub
1253 564 1357 610 castro
1383 550 1490 613 Ketka

144 703 149 713 .
221 675 277 737 per
302 655 403 717 Hans.

327 762 405 823 Item
430 781 525 823 causa
549 761 704 824 Iohannis
736 761 793 823 filii
823 761 957 843 Bogdan
989 776 1020 824 et
1044 761 1186 843 magistri
1211 762 1295 824 Petri
1321 761 1378 825 lilii
1405 763 1490 825 Mar·

221 868 280 929 tini
305 867 344 929 de
367 866 500 952 Chechy
524 882 571 930 est
594 868 633 929 ad
654 868 765 931 ferlam
789 882 909 930 sextam
926 867 1105 951 proximam
1122 880 1195 950 post
1211 866 1328 931 festum
1353 869 1491 930 Penthe-

221 988 324 1037 costes
348 988 518 1056 prorogata
542 975 598 1037 tali
623 974 734 1052 modo,
758 974 847 1056 quod
871 974 898 1038 si
924 972 1179 1036 satisfaccionem
1204 974 1309 1037 eidem
1335 976 1490 1056 magistro

221 1081 315 1143 Petro
342 1081 506 1163 inpendet,
524 1082 606 1144 bene
624 1081 768 1162 quidem,
784 1081 931 1162 alioquin
955 1080 1113 1161 justiciam
1137 1079 1291 1142 faciemus
1316 1080 1356 1142 de
1373 1080 1490 1142 eodem

221 1202 318 1270 prout
341 1188 439 1268 exigit
462 1187 542 1250 ordo
567 1187 654 1267 juris.

328 1295 405 1356 Item
430 1314 523 1356 causa
549 1293 650 1356 Curse
675 1308 706 1356 et
729 1292 862 1376 Georgii
887 1307 934 1355 est
961 1311 1017 1375 per
1041 1306 1137 1355 testes
1161 1292 1201 1354 ad
1226 1290 1339 1353 feriam
1363 1307 1485 1353 sextam

219 1414 292 1483 post
316 1400 542 1462 Penthecostes
565 1414 690 1483 recepta
715 1401 755 1462 ad
779 1419 902 1483 pacem.

328 1506 406 1568 Item
431 1506 592 1588 Georgius
608 1519 709 1568 sartor
725 1521 835 1569 contra
859 1505 1028 1567 dominum
1047 1505 1071 1565 F
1074 1504 1193 1567 rancha
1208 1504 1351 1566 secundo
1375 1505 1491 1566 citatus

221 1632 287 1673 non
312 1612 502 1693 comparuit.

326 1719 403 1779 Item
429 1717 590 1799 Georgius
618 1719 730 1780 Marko
748 1717 869 1779 Gemez
886 1731 959 1780 octo
984 1738 1106 1781 marcas
1129 1718 1336 1780 denariorum
1355 1718 1387 1778 in
1406 1715 1489 1779 festo

221 1824 304 1885 beati
331 1824 459 1884 Martini
492 1822 684 1885 confessoris
714 1842 799 1884 nunc
831 1824 975 1904 proxime
1007 1837 1143 1886 venturo
1175 1824 1356 1906 persolvere
1390 1822 1491 1885 debet

218 1932 277 1990 sub
300 1949 381 2012 pena
398 1930 575 1991 solutionis
599 1929 709 1991 decem
736 1929 850 1991 marcis
871 1929 1088 2008 denariorum,
1112 1931 1252 2011 exceptis
1276 1929 1431 1991 tredecim
1456 1945 1489 1991 et

219 2036 327 2097 media
351 2037 458 2117 pensis
483 2036 700 2098 denariorum.

327 2143 403 2204 Item
429 2142 577 2224 Mychael
602 2142 761 2226 Damyani
787 2161 888 2223 usque
905 2142 1046 2223 primum
1067 2140 1222 2220 judicium
1247 2141 1286 2201 de
1311 2160 1368 2201 sua
1385 2160 1488 2203 uxore

218 2248 376 2329 Dragiche
402 2248 530 2310 mulieri
554 2248 713 2328 justiciam
738 2247 840 2310 facere
865 2247 970 2309 debet.

326 2354 404 2416 Item
432 2354 555 2437 Symon
582 2355 614 2415 in
639 2354 784 2435 predicto
808 2372 867 2414 suo
890 2352 1077 2415 testimonio
1109 2350 1227 2414 defecit
1251 2352 1326 2434 quia
1352 2372 1489 2415 uxorem

218 2459 354 2521 Vidonis
379 2473 516 2522 statuere
542 2480 606 2522 non
632 2460 737 2542 potuit
762 2478 820 2521 nec
845 2459 1045 2541 Mychaelem
1070 2473 1235 2522 sartorem.

324 2565 402 2627 Item
427 2586 521 2627 causa
547 2565 700 2649 Symonis
725 2581 755 2627 et
779 2565 905 2627 Nicolai
941 2582 986 2626 est
1011 2585 1066 2647 per
1090 2580 1185 2626 testes
1208 2565 1249 2626 ad
1273 2566 1416 2647 prImum
1440 2565 1489 2646 ju·

219 2668 338 2731 dicium
364 2685 489 2752 recepta
515 2670 555 2731 ad
580 2691 702 2752 pacem.

324 2776 402 2837 Item
432 2777 615 2838 Alexander
648 2777 782 2839 domino
814 2776 939 2838 custodi
979 2777 1214 2859 quinquaginta
1245 2777 1316 2840 flor.
1349 2778 1419 2839 auri
1456 2779 1489 2840 in

217 2880 390 2961 quindenis
415 2882 597 2963 persolvere
623 2883 728 2945 debet.

324 2986 400 3048 Item
423 2988 580 3050 Martinus
604 3002 714 3049 contra
744 2989 923 3051 Iohannem
956 2989 1074 3050 LIeber
1103 2988 1246 3050 secundo
1271 2989 1387 3051 citatus
1420 3008 1488 3051 non

217 3094 407 3175 comparuit.

322 3200 401 3262 Item
438 3199 621 3262 Anthonius
653 3202 754 3262 RenIz
787 3216 896 3263 contra
928 3201 1092 3264 Andream
1128 3201 1232 3283 primo
1272 3202 1387 3263 citatus
1419 3223 1488 3266 non

218 3307 409 3387 comparuit.

323 3412 399 3473 Item
425 3414 500 3493 quia
525 3414 678 3476 Nicolaus
702 3416 863 3477 aurifaber
884 3415 923 3475 ad
948 3415 1128 3476 lanslinum
1146 3413 1344 3477 aurifabrum
1368 3428 1486 3497 poten·

216 3517 382 3581 cionaliter
408 3520 546 3580 venisset
571 3534 601 3582 et
625 3522 764 3601 quadam
796 3522 880 3583 mala
912 3522 1113 3597 exercuisset,
1145 3540 1222 3603 ergo
1246 3534 1292 3583 est
1316 3520 1487 3583 convictus

216 3625 247 3685 in
262 3625 290 3684 X
307 3627 439 3700 marcis;
457 3640 487 3686 et
504 3626 579 3705 quia
598 3627 702 3708 ipsum
728 3627 955 3708 vituperaverit
972 3628 1077 3689 eidem
1095 3627 1239 3689 lanslino
1257 3627 1288 3686 in
1306 3626 1484 3707 quindenis

215 3749 312 3804 unam
337 3750 477 3792 marcam
502 3733 662 3813 persolvet
685 3747 716 3794 et
739 3733 838 3814 judici
863 3734 1003 3794 mediam
1028 3754 1180 3795 marcam.

321 3835 400 3897 Item
425 3837 515 3898 Hans
538 3836 730 3899 Carintheus
754 3853 783 3900 et
801 3838 977 3919 Gregorius
1001 3840 1075 3920 quia
1100 3840 1132 3900 in
1158 3839 1326 3901 latrocinio
1351 3837 1485 3902 fuerunt

216 3942 361 4023 inprImis
387 3943 514 4024 reperti,
539 3962 616 4024 ergo
641 3944 680 4005 de
706 3945 832 4005 clvitate
861 3944 995 4026 turpiter
1020 3944 1137 4005 debent
1162 3943 1291 4026 depelli,
1316 3958 1347 4004 et
1372 3944 1481 4007 eidem

215 4046 305 4108 Hans
330 4048 474 4109 auricula
498 4049 618 4110 abscidi
653 4049 758 4127 debet,
792 4049 969 4130 Gregorius
993 4064 1101 4111 autem
1135 4050 1216 4111 duos
1241 4048 1326 4111 fures
1349 4069 1484 4132 suspen-

214 4151 289 4213 dere
307 4152 413 4231 debet‚
439 4167 469 4215 et
488 4174 654 4236 nunquam
672 4156 791 4217 debent
807 4156 846 4217 ad
866 4157 1026 4217 clvitatem
1043 4157 1171 4235 reverti,
1187 4170 1222 4219 ut
1246 4156 1323 4217 dum
1341 4157 1484 4238 primum

215 4257 402 4321 incivitate
427 4262 542 4341 reperti
568 4259 696 4340 fuerint,
721 4263 873 4343 suspendi
898 4262 1062 4325 debebunt
1085 4282 1124 4325 eo
1148 4262 1243 4324 facto.

320 4364 397 4426 Item
423 4366 620 4428 Laurencius
644 4381 753 4429 contra
779 4367 978 4449 Stephanum
1004 4368 1143 4448 iuratum
1167 4389 1199 4429 se
1223 4368 1341 4430 tercius
1365 4367 1485 4448 jurabit

214 4467 292 4531 feria
317 4485 404 4531 sexta
422 4473 567 4553 proxima
592 4486 665 4553 post
682 4471 796 4534 festum
815 4474 1041 4535 Penthecostes
1065 4476 1097 4535 In
1114 4494 1165 4554 en,
1190 4474 1277 4556 quod
1303 4474 1370 4556 ipse
1385 4495 1483 4537 unam

214 4575 333 4637 dietam
358 4596 414 4637 sue
438 4597 538 4639 avene
563 4579 665 4640 noctis
690 4579 721 4639 in
739 4579 872 4641 silencio
899 4580 1068 4662 depascere
1093 4600 1157 4643 non
1183 4580 1318 4644 fecisset.

320 4683 396 4743 Item
423 4681 581 4764 Georgius
606 4699 637 4745 et
655 4683 830 4765 Gregorius
851 4686 987 4747 Nicolao
1005 4685 1128 4748 Odolas
1153 4687 1185 4746 in
1210 4686 1385 4766 quindenis
1402 4705 1482 4768 qua·

213 4803 285 4850 tuor
310 4789 411 4850 dietas
435 4805 516 4851 terre
541 4790 616 4852 dare
641 4791 770 4854 debent.
