3404 5362
513 321 709 398 Anno1375.
735 356 778 365 -
803 319 833 382 6.
858 324 967 384 martti.
1355 345 1375 406 7

108 529 194 613 quod
218 549 324 592 unum
344 529 512 592 hominem
538 531 730 612 Kapronche
754 532 919 614 quoddam
943 549 1088 616 tempore
1112 535 1279 597 occidisset
1302 556 1374 598 cum

108 636 249 719 quadam
273 638 388 701 securi.
415 673 455 684 -
479 638 558 700 Item
579 636 722 720 prefatus
746 638 908 702 Johannes
931 655 978 704 est
994 639 1158 703 confessus
1181 641 1327 704 similiter
1344 643 1375 703 in

107 756 282 824 tormento,
303 760 338 806 ut
355 745 461 828 ipsum
479 745 627 807 Markum
650 744 878 807 stacionarium
898 765 954 829 per
971 744 1237 809 informacionem
1262 746 1376 829 prefati

108 849 240 934 Mathey
264 850 475 913 interfecisset
498 870 570 913 cum
603 851 743 933 quadam
768 853 881 931 securi,
907 865 937 914 et
970 872 1043 914 cum
1067 853 1242 915 semivivus
1266 852 1376 916 fuisset

108 955 213 1018 dictus
237 957 328 1019 Mark
362 976 436 1019 cum
469 957 585 1020 eodem
618 957 722 1020 securi
753 957 859 1040 ipsum
883 958 924 1020 ad
959 972 1096 1020 mortem
1121 957 1310 1021 affecissent.
1336 996 1375 1004 -

108 1060 187 1125 Item
211 1061 354 1146 prefatus
378 1063 491 1127 Petrus
514 1063 575 1126 fuit
598 1063 762 1127 confessus
786 1064 818 1126 in
847 1065 963 1127 eodem
987 1079 1161 1144 torment0,
1185 1064 1272 1146 quod
1292 1066 1377 1147 ipsos

107 1167 313 1232 informasset
336 1190 443 1253 neque
467 1171 612 1253 equitare
636 1191 695 1233 nec
719 1170 820 1233 dictas
843 1191 893 1234 res
910 1185 1073 1254 asportare
1098 1170 1238 1233 dedisset
1261 1172 1305 1233 sic
1330 1172 1376 1232 di-

108 1293 200 1337 cens?
225 1295 379 1358 expensas
402 1277 565 1360 recipiatis
589 1290 620 1340 et
643 1276 777 1357 vadatis,
800 1278 863 1340 alia
891 1291 999 1340 autem
1023 1279 1108 1340 bona
1134 1279 1165 1339 in
1191 1277 1378 1339 nemoribus

107 1382 264 1444 absconsa
287 1397 320 1445 et
341 1382 484 1464 predicta
508 1384 593 1446 bona
618 1383 658 1446 ad
683 1403 741 1445 vos
763 1387 900 1466 portabo
925 1403 1004 1466 quas
1028 1384 1193 1445 dimisistis
1215 1382 1301 1465 apud
1325 1402 1376 1445 me

107 1488 175 1549 siue
200 1487 354 1572 dampno.
377 1525 423 1535 —
444 1488 523 1552 ltem
550 1488 628 1551 feria
652 1504 738 1552 sexta
770 1491 916 1573 proxima
941 1503 1013 1552 ante
1046 1489 1161 1552 festum
1187 1489 1271 1550 beati
1298 1488 1376 1551 Gre-

106 1594 189 1676 gorii
213 1614 296 1677 pape
319 1614 376 1678 per
399 1595 552 1679 judicem,
576 1596 697 1679 juratos
719 1609 749 1658 et
772 1609 873 1658 totam
897 1596 1163 1658 communitatem
1187 1594 1292 1656 taliter
1317 1593 1377 1656 fuit

107 1700 147 1762 de
170 1701 336 1784 premissis
367 1700 629 1765 malefactoribus
659 1722 716 1765 seu
740 1702 827 1764 necis
861 1703 1135 1785 perpetratoribus
1158 1700 1376 1784 adjudicatum
1412 1746 1418 1755 ,

109 1820 139 1869 et
162 1805 350 1886 diffinitum,
374 1807 463 1890 quod
487 1808 594 1890 ligatis
616 1808 754 1891 pedibus
790 1821 821 1870 et
844 1809 993 1870 manibus
1018 1809 1050 1870 in
1080 1807 1192 1871 caudis
1216 1827 1375 1889 equorum

108 1933 164 1996 per
187 1913 354 1976 universas
386 1915 508 1997 plateas
543 1915 680 1978 civitatis
714 1928 820 1977 nostre
856 1914 1069 1977 habitacionis
1101 1913 1311 1992 traherentur,
1346 1927 1377 1974 et

108 2018 242 2082 demum
267 2022 326 2082 sub
351 2020 464 2083 eculeo
489 2022 627 2103 quilibet
650 2021 793 2104 ipsorum
810 2041 867 2103 per
889 2033 1030 2083 tortorea
1054 2019 1094 2081 ad
1119 2020 1180 2082 hoc
1204 2020 1374 2102 deputatos

108 2125 145 2187 ad
178 2139 319 2208 quatuor
350 2127 457 2210 pecias
488 2140 714 2206 mactarentur,
747 2140 778 2189 et
808 2128 853 2188 sic
885 2128 951 2209 ipse
983 2126 1072 2209 pecie
1104 2138 1135 2188 et
1159 2127 1277 2187 securis
1302 2144 1374 2186 cum

109 2250 172 2314 quo
197 2231 369 2295 dominum
393 2234 537 2317 ipsorum
569 2233 762 2296 occidissent
793 2248 824 2296 et
854 2234 913 2317 ipsi
937 2233 1065 2295 mactati
1098 2233 1130 2294 in
1155 2232 1301 2315 patibulo
1325 2251 1376 2293 su·

108 2339 349 2421 spenderentur,
366 2341 399 2402 in
415 2339 525 2403 medio
550 2359 626 2402 vero
640 2340 770 2402 Petrum
787 2339 947 2422 prefatum
971 2352 1228 2402 conservatorem
1248 2338 1375 2399 illarum

108 2464 230 2524 rerum;
254 2446 345 2530 quod
368 2458 399 2508 et
422 2445 543 2509 factum
566 2444 626 2509 fuit
649 2446 744 2529 plene
769 2460 800 2509 et
823 2444 974 2530 perfecte.

335 2686 481 2761 sabbato
510 2689 664 2777 proximo
694 2693 772 2759 aute
800 2685 922 2758 festam
951 2685 1149 2776 predictum.

415 2808 636 2901 ldjudicacio
665 2814 885 2900 antiquorum
907 2809 1069 2900 judicum.

649 2963 694 3045 (3.
716 2965 840 3039 martia).

211 3104 291 3166 ltem
324 3104 477 3167 Crisanus
512 3124 570 3188 pro
607 3103 801 3186 quibusdam
834 3103 1001 3165 medicinis
1032 3101 1153 3164 Jacobo
1184 3100 1311 3162 medico
1343 3101 1375 3161 in

111 3210 280 3291 quindenis
294 3210 366 3273 Xlll
380 3209 449 3275 flor.
466 3211 535 3274 auri
552 3211 734 3293 persolvere
752 3210 892 3290 debebit,
910 3210 984 3292 quia
1003 3209 1105 3270 dictus
1119 3207 1271 3270 Crisanus
1288 3207 1373 3268 testi·

110 3318 218 3379 monio
243 3317 466 3398 comprobavit
490 3328 525 3380 ut
541 3331 765 3400 assumpserat,
789 3316 878 3399 quod
899 3317 1037 3378 Jacobus
1061 3314 1204 3376 medicus
1227 3327 1372 3394 ternpore

111 3424 216 3487 debito
240 3437 364 3508 septem
386 3424 511 3488 vicibus
535 3438 666 3486 vocatus
689 3423 730 3485 ad
753 3422 981 3486 medicandum
1011 3441 1077 3483 non
1102 3433 1240 3482 curasset
1264 3419 1372 3480 venire

110 3549 241 3594 uxorem
264 3531 364 3613 ipsius
387 3529 532 3607 Crisani3
557 3530 678 3593 dict‘um
698 3544 803 3593 autern
829 3527 927 3592 cifum
953 3529 1020 3611 ipse
1037 3526 1181 3589 medicus
1205 3526 1371 3588 restituere

112 3637 247 3719 quesivit
270 3637 406 3721 posteris
428 3656 485 3720 per
502 3684 510 3701 .
528 3682 562 3698 ..

281 3835 379 3912 ferie
404 3842 513 3913 tercie
540 3841 695 3931 proxima
722 3844 799 3930 post
825 3839 949 3911 festum
977 3841 1184 3909 annotatam.

643 3991 688 4070 (ό.
710 3992 837 4070 martir).

212 4135 322 4197 Primo
346 4154 441 4199 causa
465 4134 590 4198 Crisani
615 4149 646 4198 et
670 4136 779 4198 Maren
804 4146 851 4196 est
874 4152 930 4216 per
947 4131 1118 4193 Micusiurn
1143 4130 1183 4192 ad
1207 4143 1279 4192 octo
1304 4130 1372 4191 dies

110 4256 235 4327 recepta
259 4242 300 4305 ad
323 4262 446 4326 pacem.

213 4348 293 4413 Item
317 4369 411 4413 causa
434 4350 572 4413 Vidonis
593 4348 723 4411 sartoris
739 4361 770 4412 et
793 4346 972 4411 Clementis
992 4358 1039 4408 est
1062 4364 1118 4427 per
1143 4343 1313 4406 Crisanum
1331 4342 1370 4405 ad

109 4470 180 4521 octo
204 4457 274 4520 dies
297 4470 424 4541 recepta
446 4456 487 4519 ad
509 4474 633 4540 pacem.

215 4564 294 4626 ltem
318 4583 413 4625 causa
444 4563 568 4625 Nicolai
601 4576 632 4626 et
656 4562 726 4624 Elie
758 4560 906 4645 preconis
930 4571 976 4620 est
1000 4558 1039 4619 ad
1071 4571 1144 4619 octo
1169 4557 1237 4618 dies
1261 4576 1369 4639 proro-

109 4684 180 4753 gata
203 4669 245 4732 ad
268 4688 392 4753 pacem.

215 4776 292 4839 ltetn
317 4775 394 4838 lusu
419 4795 475 4859 per
499 4774 649 4859 Chiplich
678 4789 710 4838 et
740 4773 847 4837 Mathe
871 4783 985 4833 octavo
1009 4771 1060 4832 die
1093 4783 1202 4832 contra
1226 4769 1368 4831 relictam
