3404 5362
644 334 726 392 Anno
749 331 840 411 1383.
869 368 905 378 -
932 332 981 395 16.
997 333 1091 413 Jimii.

335 545 410 607 ltem
437 566 529 608 causa
561 546 690 607 Thome
722 544 777 607 filii
804 547 904 608 Ztault
937 558 1048 607 contra
1073 546 1157 608 lwan
1189 551 1429 631 carpentarium
1452 549 1488 612 ad

229 666 377 714 octavum
402 653 489 714 diem
513 653 553 714 ad
578 672 690 734 pacem
715 666 761 714 est
786 666 922 735 recepta.

334 758 413 820 ltem
438 759 604 820 Elizabeth
630 759 746 820 mulier
770 772 884 820 octavo
916 758 969 820 die
993 760 1093 821 tercio
1117 780 1150 822 se
1182 760 1302 842 jurabit
1326 782 1422 844 super
1445 783 1490 841 eo,

228 865 316 947 quod
342 866 408 948 ipsa
441 867 473 927 in
504 867 647 948 quodam
680 865 843 927 lurticinio
875 879 985 928 contra
1018 866 1159 928 Blasium
1190 866 1294 929 filium
1327 868 1491 931 Michaelis

228 992 383 1034 innocens
406 986 455 1036 stt.

334 1077 410 1139 ltem
435 1079 522 1159 quod
548 1079 624 1160 quia
641 1076 825 1139 Anthonius
848 1078 934 1140 lilius
957 1079 1048 1140 Jursa
1066 1077 1240 1160 quemdam
1263 1079 1383 1142 bovem
1408 1080 1490 1143 lwan

227 1182 295 1245 filio
322 1184 410 1245 l'auli
436 1199 508 1246 ante
531 1200 657 1268 tempus
682 1185 826 1246 debitum
845 1185 974 1268 recepit,
998 1184 1071 1246 ideo
1095 1205 1167 1246 cum
1193 1204 1258 1246 uno
1282 1186 1425 1267 birsagio
1442 1207 1487 1248 re·

226 1290 309 1372 cepit
333 1304 363 1351 et
395 1310 466 1352 cum
498 1292 599 1353 altero
631 1291 794 1353 restituere
828 1291 941 1368 debet;
977 1304 1118 1353 ceterum
1148 1291 1224 1372 quia
1256 1292 1324 1374 ipse
1353 1294 1414 1355 bos
1446 1308 1491 1355 est

225 1410 381 1474 mortuus,
407 1397 478 1458 ideo
503 1418 597 1480 super
628 1412 747 1479 quanta
780 1399 958 1480 quantitate
986 1399 1121 1480 pecunie
1154 1399 1221 1481 ipse
1245 1398 1331 1460 lwao
1357 1399 1484 1479 jurabit,

224 1517 344 1565 tantam
371 1504 436 1587 ipse
469 1504 652 1566 Anthonius
686 1506 791 1566 eidem
823 1505 1006 1587 persolvere
1036 1506 1150 1582 debet;
1183 1506 1249 1589 ipse
1281 1520 1392 1568 autem
1425 1510 1488 1568 Au·

222 1611 352 1672 thonius
376 1610 493 1672 dictam
518 1630 645 1672 causam
670 1612 709 1672 ad
735 1612 885 1693 antiquos
909 1611 1030 1692 judices
1054 1611 1238 1694 appellavit.
1326 1649 1328 1654 ·

312 1717 408 1777 'ltem
436 1718 592 1779 Martinus
609 1718 692 1780 lilius
709 1718 869 1780 Janchech
891 1733 921 1780 et
945 1719 1062 1781 mulier
1078 1723 1204 1802 Agnya,
1221 1718 1360 1800 quilibet
1376 1739 1487 1782 eorum

222 1838 311 1886 sexto
335 1845 367 1885 se
392 1838 505 1886 octavo
531 1825 581 1885 die
607 1824 747 1908 (jurabit)
771 1846 866 1908 super
889 1845 939 1904 eo,
973 1826 1061 1908 quod
1086 1827 1144 1908 ipsi
1177 1840 1250 1909 post
1273 1828 1488 1909 compaterni-

223 1945 319 1992 tatem
345 1931 425 1993 inter
450 1951 505 1992 eos
530 1930 644 1993 iactam
669 1953 734 1994 non
763 1933 1015 1994 concubuerunt.

328 2038 405 2098 ltem
433 2038 550 2099 Paulus
574 2039 717 2101 literatus
741 2054 849 2102 contra
874 2038 1016 2100 laketich
1041 2040 1145 2122 primo
1169 2040 1283 2102 citatus
1304 2060 1370 2102 non
1396 2059 1480 2102 com·

221 2158 336 2227 paruit.

273 2385 454 2458 Sabbatum
484 2389 673 2475 proximum
702 2394 777 2476 post
804 2387 928 2459 festum
956 2389 1064 2459 sancti
1096 2386 1247 2459 Barnabe
1277 2386 1436 2476 apostoli.

761 2575 821 2637 (13.
839 2561 944 2637 junia).

326 2717 405 2778 ltem
430 2737 522 2778 causa
548 2719 702 2781 Anthonii
729 2719 862 2802 Jursych
887 2720 918 2780 in
944 2739 1007 2801 qua
1032 2733 1078 2781 est
1103 2731 1291 2801 procurator
1316 2718 1485 2780 cuiusdam

220 2823 356 2905 orphani
382 2838 491 2885 contra
518 2824 653 2886 lwanam
687 2827 857 2887 mulierem
890 2826 928 2886 ad
961 2839 1034 2888 octo
1059 2825 1127 2887 dies
1150 2826 1190 2887 ad
1224 2825 1486 2888 interessenciam

219 2928 352 3011 Georgii
378 2930 417 2991 de
443 2930 618 3012 Oporouch
644 2947 688 2993 est
718 2946 898 3014 prorogata.

325 3036 401 3098 ltem
427 3036 489 3097 alia
514 3057 605 3099 causa
631 3038 706 3100 dicti
733 3039 887 3099 Anthonii
917 3057 989 3100 cum
1015 3038 1099 3099 lwan
1131 3036 1198 3098 lilio
1224 3036 1315 3098 Pauli
1341 3037 1382 3098 ad
1408 3051 1482 3099 octo

218 3141 285 3203 dies
310 3161 381 3203 cum
406 3143 546 3224 birsagio
570 3145 666 3206 trium
692 3164 862 3226 pensarum
886 3165 942 3226 per
974 3145 1078 3226 ipsum
1104 3144 1189 3205 lwan
1214 3143 1413 3226 deponendo
1439 3159 1484 3205 est

217 3262 387 3330 prorogata
420 3270 458 3312 eo
490 3251 600 3329 modo,
631 3252 718 3332 quod
748 3252 773 3312 si
806 3252 871 3333 ipse
905 3252 989 3312 lwan
1022 3252 1165 3314 indicto
1197 3264 1312 3313 octavo
1339 3251 1392 3313 die
1417 3271 1482 3314 non

216 3357 441 3438 comparuerit,
466 3372 540 3419 tunc
566 3377 692 3419 causam
717 3378 807 3419 suam
833 3358 954 3440 perdet.

243 3591 338 3666 Faria
368 3598 475 3666 tercia
512 3599 664 3685 proxima
694 3606 770 3687 post
800 3599 921 3670 testum
951 3599 1124 3671 beatorum
1153 3598 1221 3670 Viti
1251 3607 1285 3670 et
1315 3600 1457 3671 Modesti

751 3727 941 3796 martirum.

752 3891 819 3973 (16.
835 3894 945 3974 junci).

320 4050 396 4112 ltem
423 4050 568 4112 Thomas
592 4052 696 4115 dictus
719 4054 840 4135 Dragin
866 4067 974 4116 contra
993 4053 1119 4116 Mikech
1143 4053 1246 4116 filium
1272 4054 1402 4118 Nicolai
1431 4075 1478 4117 se·

214 4158 320 4219 cundo
346 4158 458 4219 citatus
482 4178 546 4219 non
572 4160 760 4243 comparuit.

320 4264 397 4327 Item
423 4284 516 4326 causa
541 4265 667 4327 Nicolai
700 4265 757 4328 filii
790 4267 904 4329 Kusilo
935 4281 1044 4330 contra
1073 4267 1221 4329 Valesam
1252 4266 1294 4328 ad
1327 4282 1480 4330 octavum

214 4369 299 4432 diem
325 4372 364 4432 ad
390 4391 501 4454 pacem
526 4386 573 4435 est
596 4386 732 4456 recepta.

319 4478 396 4539 ltem
431 4478 613 4560 Stephanus
646 4479 783 4541 condam
816 4480 936 4561 juratus
970 4495 1077 4543 contra
1112 4479 1308 4562 Gregorium
1340 4481 1479 4543 condam

212 4581 352 4662 juratum
377 4583 482 4665 primo
507 4584 620 4646 citatus
645 4605 710 4646 non
737 4588 925 4669 comparuit.

319 4689 395 4750 ltem
432 4690 563 4758 domina
600 4691 705 4757 {wana
745 4706 855 4754 contra
891 4694 1068 4776 Georgium
1103 4694 1246 4756 secundo
1282 4694 1378 4757 citata
1411 4714 1473 4756 oon

212 4795 403 4878 comparuit.
