3404 5362
645 354 731 410 Anno
754 350 845 430 1376.
872 387 911 396 -
937 351 968 414 ό.
985 357 1077 430 junii.

1411 375 1491 469 *47

330 562 438 623 Primo
472 562 633 625 Johannes
666 564 816 643 decanus,
849 564 1013 644 Clemens,
1045 566 1152 627 Mathe
1176 582 1207 628 et
1239 567 1414 648 Gregorius
1444 568 1493 649 ju·

220 683 320 744 ratus,
345 668 550 730 aldomasarii
575 669 700 731 domini
726 670 853 732 Martini
882 671 1057 733 sacerdotis
1088 673 1247 753 capellani
1271 673 1395 735 domini
1421 694 1490 755 pre-

217 775 316 857 positi
347 775 380 836 in
411 775 517 858 primo
549 775 669 856 judicio
700 777 848 839 atestabit
878 797 951 838 cum
984 778 1106 839 eisdem
1138 778 1276 859 qualiter
1306 799 1338 840 se
1371 779 1491 841 factum

218 879 395 944 habuisset.

326 987 406 1049 Item
429 1001 543 1050 octavo
574 988 626 1050 die
659 989 811 1051 Nicolaus
843 988 1055 1051 Zrebernicha
1088 991 1268 1052 Laurentio
1301 991 1410 1053 villico
1448 992 1488 1053 de

219 1093 304 1174 Vgra
330 1108 393 1155 tres
418 1113 539 1156 marcas
562 1094 768 1156 denariorum
795 1095 959 1158 exsolvere
984 1096 1089 1159 debet.

326 1199 404 1261 Item
429 1200 578 1261 Marenus
594 1200 774 1262 conductor
799 1214 829 1262 et
850 1220 958 1262 comes
975 1216 1157 1264 nostrorum
1183 1217 1398 1284 proventuum
1416 1225 1489 1266 curn

214 1304 324 1387 judice
350 1319 381 1368 et
404 1306 515 1387 juratis
538 1307 720 1390 Dragozlao
744 1307 847 1389 jurato
865 1322 895 1368 et
920 1308 1082 1389 Stephano
1101 1308 1141 1370 de
1166 1310 1257 1371 Nova
1281 1309 1357 1372 villa
1383 1326 1490 1372 nostra

216 1428 349 1496 propter
362 1414 502 1495 quedam
513 1415 670 1496 vituperia
684 1413 939 1477 satisfaccionem
955 1413 1141 1496 impendere
1152 1415 1247 1477 debet
1260 1416 1291 1476 in
1305 1416 1489 1498 quindenis.

324 1537 403 1599 ltem
429 1537 575 1600 Thomas
599 1552 709 1601 contra
728 1539 927 1622 Stephanum
952 1537 1058 1618 primo
1083 1537 1203 1618 judicio
1228 1540 1444 1622 respondebit.

326 1644 406 1705 ltem
420 1645 612 1727 Mosnarych
625 1660 735 1706 contra
749 1645 951 1708 Clementem
971 1645 1076 1725 primo
1092 1646 1205 1708 citatus
1219 1666 1284 1707 non
1298 1648 1488 1729 comparuit.

325 1766 404 1828 Item
428 1764 575 1831 Thomas
591 1781 705 1830 octavo
723 1768 776 1830 die
800 1789 833 1830 se
849 1767 1010 1829 secundus
1027 1766 1144 1848 jurabit
1161 1769 1193 1830 in
1211 1790 1261 1848 eo,
1279 1770 1366 1851 quod
1384 1771 1488 1853 ipsum

218 1872 405 1936 Anthonius
428 1875 653 1937 verberaverit.

327 1980 405 2041 Item
428 1981 540 2042 Marko
564 1994 674 2042 contra
699 1980 834 2042 Paulum
859 1980 1000 2043 secundo
1025 1982 1138 2043 citatus
1164 2000 1228 2042 non
1253 1983 1442 2064 comparuit.

326 2215 425 2289 Feria
454 2225 551 2289 sexta
590 2221 745 2307 proxima
773 2226 851 2290 ante
888 2220 1013 2291 festum
1041 2227 1157 2290 sancte
1186 2217 1379 2290 Trinitatis.

767 2367 814 2449 (6.
830 2373 936 2447 simii).

325 2511 434 2572 Primo
461 2511 583 2573 Sechen
607 2531 640 2572 se
664 2531 760 2593 super
791 2512 932 2573 animam
958 2512 1107 2594 Gregorii
1141 2511 1307 2574 familiaris
1332 2511 1487 2573 Johannis

220 2617 375 2678 Johannis
398 2618 492 2698 jurati
510 2619 638 2680 racione
663 2619 828 2680 cuiusdam
847 2619 982 2680 verberii
1001 2619 1148 2679 submisit
1165 2618 1203 2679 ad
1223 2617 1307 2679 diem
1326 2632 1485 2682 octavum.

326 2724 404 2786 Item
420 2723 566 2786 Geninus
580 2725 647 2806 Lep
665 2739 774 2787 contra
790 2727 909 2786 Lucam
928 2725 1056 2787 Bonioli
1074 2738 1187 2786 octavo
1202 2725 1253 2786 die
1270 2724 1486 2807 respondebit.

325 2849 404 2910 Item
442 2847 602 2930 Georgius
640 2863 750 2910 contra
790 2850 936 2911 Maritum
970 2847 1092 2911 Gemer.
1132 2849 1236 2930 primo
1272 2849 1385 2911 citatus
1420 2869 1484 2910 non

215 2955 411 3037 comparuit.

323 3059 403 3122 Item
427 3080 521 3122 causa
546 3060 714 3122 Chernech
740 3061 827 3143 parvi
860 3074 891 3123 et
914 3062 1038 3122 Mareni
1062 3073 1108 3123 est
1132 3081 1188 3141 per
1212 3061 1371 3123 Janchech
1396 3062 1481 3122 auri·

211 3163 344 3228 fabrum
369 3180 400 3229 et
425 3165 619 3248 Gregorium
643 3187 754 3228 voscar
778 3167 817 3228 ad
843 3181 916 3229 octo
941 3167 1009 3228 dies
1041 3180 1166 3249 recepta
1191 3166 1230 3227 ad
1255 3186 1376 3247 pacem.

323 3273 404 3335 item
428 3272 505 3334 fuan
538 3286 568 3334 et
601 3273 754 3334 Nicolaus
785 3286 894 3334 contra
929 3272 1036 3334 Mathe
1062 3273 1166 3355 primo
1198 3272 1283 3334 citati
1308 3292 1372 3333 non
1397 3292 1484 3334 com-

211 3393 403 3459 paruerunt.

324 3485 403 3546 Item
439 3485 577 3546 Jacobus
626 3484 753 3566 Cupich
789 3499 897 3547 contra
939 3486 1081 3546 Blasium
1115 3484 1219 3566 primo
1262 3484 1375 3545 citatus
1418 3504 1483 3545 non

211 3591 409 3672 comparuit.

324 3697 403 3760 Item
438 3710 633 3778 conquestus
669 3695 729 3757 fuit
761 3697 920 3758 Janchech
952 3695 1112 3758 aurifaber
1147 3710 1177 3757 et
1200 3710 1247 3759 est
1282 3709 1483 3778 protestatus,

211 3803 306 3885 quod
331 3801 514 3864 Anthonius
538 3823 614 3864 suus
637 3803 771 3864 servitor
795 3803 855 3864 sibi
880 3804 920 3864 de
945 3816 1078 3884 argento
1102 3816 1240 3885 quatuor
1265 3822 1386 3864 marcas
1410 3821 1481 3863 cum

210 3911 322 3973 media
345 3924 547 3993 reportasset,
572 3924 607 3972 ut
631 3910 709 3971 dum
734 3911 800 3991 ipse
825 3909 1009 3970 Anthonius
1043 3910 1175 3988 venerit,
1201 3910 1304 3991 ipsum
1329 3909 1481 3990 prosequi

214 4016 346 4078 debebit
370 4015 493 4096 justicia
519 4016 690 4078 mediante.

322 4138 401 4201 Item
427 4139 602 4217 Gregorius
627 4153 741 4201 octavo
764 4139 816 4199 die
838 4153 947 4200 contra
973 4137 1151 4217 Georgium
1168 4139 1315 4199 atestabit
1339 4157 1396 4220 per
1413 4137 1481 4199 Ste-

220 4245 359 4325 phanum
385 4244 489 4307 filium
513 4245 665 4328 Hernych
691 4259 721 4306 et
752 4245 961 4306 Dominicum
994 4265 1089 4327 super
1116 4264 1166 4323 eo,
1198 4244 1285 4325 quod
1312 4244 1416 4325 ipsum
1449 4243 1481 4303 in

224 4370 275 4414 rua
299 4350 487 4414 defensione
516 4352 740 4413 vulneraverit.

322 4458 401 4519 Item
425 4477 518 4519 causa
543 4458 675 4520 Janslini
701 4470 731 4518 et
756 4457 845 4518 Pauli
870 4455 1102 4518 aurifabrorum
1128 4470 1158 4518 et
1182 4454 1349 4517 familiaris
1373 4455 1481 4515 relicte

225 4560 340 4625 Nicolai
366 4562 476 4624 Touth
501 4576 548 4625 est
570 4583 628 4645 per
654 4564 821 4624 Marenum
845 4563 884 4624 ad
909 4577 982 4625 octo
1004 4563 1072 4623 dies
1096 4576 1220 4644 recepta
1246 4561 1286 4622 ad
1311 4580 1433 4642 pacem.

321 4689 400 4750 Item
424 4709 519 4750 causa
552 4687 683 4769 Georgii
715 4687 872 4769 piliatoris
907 4700 937 4746 et
969 4685 1117 4767 Gregorii
1151 4701 1196 4746 est
1228 4704 1283 4767 per
1309 4685 1480 4746 Lucasium

227 4793 405 4878 selliparum
429 4795 469 4856 ad
494 4807 567 4856 octo
592 4793 661 4854 dies
685 4809 809 4876 recepta
834 4795 873 4854 ad
899 4813 1021 4877 pacem.
