<?xml version="1.0" encoding="UTF-8"?>
<!DOCTYPE html PUBLIC "-//W3C//DTD XHTML 1.0 Transitional//EN"
    "http://www.w3.org/TR/xhtml1/DTD/xhtml1-transitional.dtd">
<html xmlns="http://www.w3.org/1999/xhtml" xml:lang="en" lang="en">
 <head>
  <title>
</title>
<meta http-equiv="Content-Type" content="text/html;charset=utf-8" />
  <meta name='ocr-system' content='tesseract 3.04.00' />
  <meta name='ocr-capabilities' content='ocr_page ocr_carea ocr_par ocr_line ocrx_word'/>
</head>
<body>
  <div class='ocr_page' id='page_1' title='image "./monumentahistor04laszgoog/monumentahistor04laszgoog_0157.png"; bbox 0 0 3404 5362; ppageno 0'>
   <div class='ocr_carea' id='block_1_1' title="bbox 222 321 1494 1578">
    <p class='ocr_par' dir='ltr' id='par_1_1' title="bbox 579 321 1120 401">
     <span class='ocr_line' id='line_1_1' title="bbox 579 321 1120 401; baseline 0 -18"><span class='ocrx_word' id='word_1_1' title='bbox 579 323 669 384; x_wconf 85' lang='lat' dir='ltr'>Anno</span> <span class='ocrx_word' id='word_1_2' title='bbox 692 335 777 401; x_wconf 68' lang='lat'><em>1377.</em></span> <span class='ocrx_word' id='word_1_3' title='bbox 801 359 842 366; x_wconf 85' lang='lat'>-</span> <span class='ocrx_word' id='word_1_4' title='bbox 867 338 917 401; x_wconf 65' lang='lat'>24.</span> <span class='ocrx_word' id='word_1_5' title='bbox 947 321 1120 384; x_wconf 79' lang='lat' dir='ltr'><em>novembris.</em></span> 
     </span>
    </p>

    <p class='ocr_par' dir='ltr' id='par_1_2' title="bbox 224 533 1492 726">
     <span class='ocr_line' id='line_1_2' title="bbox 329 533 1492 618; baseline -0.002 -20"><span class='ocrx_word' id='word_1_6' title='bbox 329 537 406 598; x_wconf 91' lang='lat' dir='ltr'>ltem</span> <span class='ocrx_word' id='word_1_7' title='bbox 432 536 616 599; x_wconf 89' lang='lat' dir='ltr'>Anthonius</span> <span class='ocrx_word' id='word_1_8' title='bbox 640 536 743 597; x_wconf 88' lang='lat' dir='ltr'>Reniz</span> <span class='ocrx_word' id='word_1_9' title='bbox 775 549 883 597; x_wconf 90' lang='lat' dir='ltr'>contra</span> <span class='ocrx_word' id='word_1_10' title='bbox 909 535 1080 597; x_wconf 87' lang='lat' dir='ltr'>Nicolaum</span> <span class='ocrx_word' id='word_1_11' title='bbox 1112 533 1215 596; x_wconf 89' lang='lat' dir='ltr'>filium</span> <span class='ocrx_word' id='word_1_12' title='bbox 1247 534 1428 618; x_wconf 87' lang='lat' dir='ltr'>Mychaelis</span> <span class='ocrx_word' id='word_1_13' title='bbox 1452 533 1492 596; x_wconf 88' lang='lat' dir='ltr'>de</span> 
     </span>
     <span class='ocr_line' id='line_1_3' title="bbox 224 641 832 726; baseline -0.002 -21"><span class='ocrx_word' id='word_1_14' title='bbox 224 644 370 726; x_wconf 89' lang='lat' dir='ltr'>Nezpesa</span> <span class='ocrx_word' id='word_1_15' title='bbox 398 658 512 705; x_wconf 89' lang='lat' dir='ltr'>octavo</span> <span class='ocrx_word' id='word_1_16' title='bbox 537 643 589 704; x_wconf 89' lang='lat' dir='ltr'>die</span> <span class='ocrx_word' id='word_1_17' title='bbox 613 641 832 725; x_wconf 85' lang='lat' dir='ltr'>respondebit.</span> 
     </span>
    </p>

    <p class='ocr_par' dir='ltr' id='par_1_3' title="bbox 223 744 1493 938">
     <span class='ocr_line' id='line_1_4' title="bbox 328 744 1493 832; baseline -0.003 -21"><span class='ocrx_word' id='word_1_18' title='bbox 328 750 405 812; x_wconf 85' lang='lat' dir='ltr'>Item</span> <span class='ocrx_word' id='word_1_19' title='bbox 430 769 523 811; x_wconf 91' lang='lat' dir='ltr'>causa</span> <span class='ocrx_word' id='word_1_20' title='bbox 550 749 633 811; x_wconf 85' lang='lat' dir='ltr'>Petri</span> <span class='ocrx_word' id='word_1_21' title='bbox 659 763 690 812; x_wconf 87' lang='lat' dir='ltr'>et</span> <span class='ocrx_word' id='word_1_22' title='bbox 714 748 864 812; x_wconf 79' lang='lat' dir='ltr'>Chuethlc</span> <span class='ocrx_word' id='word_1_23' title='bbox 890 762 936 811; x_wconf 92' lang='lat' dir='ltr'>est</span> <span class='ocrx_word' id='word_1_24' title='bbox 953 768 1010 832; x_wconf 91' lang='lat' dir='ltr'>per</span> <span class='ocrx_word' id='word_1_25' title='bbox 1033 748 1168 810; x_wconf 89' lang='lat' dir='ltr'>luanum</span> <span class='ocrx_word' id='word_1_26' title='bbox 1194 744 1333 810; x_wconf 89' lang='lat' dir='ltr'>Plauech</span> <span class='ocrx_word' id='word_1_27' title='bbox 1359 746 1401 809; x_wconf 89' lang='lat' dir='ltr'>ad</span> <span class='ocrx_word' id='word_1_28' title='bbox 1418 761 1493 809; x_wconf 92' lang='lat' dir='ltr'>octo</span> 
     </span>
     <span class='ocr_line' id='line_1_5' title="bbox 223 855 658 938; baseline 0.002 -21"><span class='ocrx_word' id='word_1_29' title='bbox 223 855 292 918; x_wconf 88' lang='lat' dir='ltr'>dies</span> <span class='ocrx_word' id='word_1_30' title='bbox 315 870 441 938; x_wconf 90' lang='lat' dir='ltr'>recepta</span> <span class='ocrx_word' id='word_1_31' title='bbox 466 855 506 917; x_wconf 91' lang='lat' dir='ltr'>ad</span> <span class='ocrx_word' id='word_1_32' title='bbox 533 874 658 938; x_wconf 82' lang='lat' dir='ltr'><strong>pacem.</strong></span> 
     </span>
    </p>

    <p class='ocr_par' dir='ltr' id='par_1_4' title="bbox 223 960 1494 1151">
     <span class='ocr_line' id='line_1_6' title="bbox 328 960 1494 1044; baseline -0.001 -21"><span class='ocrx_word' id='word_1_33' title='bbox 328 962 408 1025; x_wconf 84' lang='lat' dir='ltr'><strong>Item</strong></span> <span class='ocrx_word' id='word_1_34' title='bbox 432 961 625 1024; x_wconf 89' lang='lat' dir='ltr'>Pertholdus</span> <span class='ocrx_word' id='word_1_35' title='bbox 648 975 759 1024; x_wconf 90' lang='lat' dir='ltr'>contra</span> <span class='ocrx_word' id='word_1_36' title='bbox 784 961 964 1023; x_wconf 89' lang='lat' dir='ltr'>Janslinum</span> <span class='ocrx_word' id='word_1_37' title='bbox 992 961 1222 1024; x_wconf 87' lang='lat' dir='ltr'>stacionarium</span> <span class='ocrx_word' id='word_1_38' title='bbox 1245 960 1352 1044; x_wconf 89' lang='lat' dir='ltr'>primo</span> <span class='ocrx_word' id='word_1_39' title='bbox 1377 961 1494 1023; x_wconf 83' lang='lat' dir='ltr'>citatus</span> 
     </span>
     <span class='ocr_line' id='line_1_7' title="bbox 223 1068 504 1151; baseline -0.004 -20"><span class='ocrx_word' id='word_1_40' title='bbox 223 1089 288 1131; x_wconf 88' lang='lat' dir='ltr'>oon</span> <span class='ocrx_word' id='word_1_41' title='bbox 314 1068 504 1151; x_wconf 84' lang='lat' dir='ltr'>comparuit.</span> 
     </span>
    </p>

    <p class='ocr_par' dir='ltr' id='par_1_5' title="bbox 222 1171 1492 1364">
     <span class='ocr_line' id='line_1_8' title="bbox 329 1171 1492 1258; baseline 0 -22"><span class='ocrx_word' id='word_1_42' title='bbox 329 1175 406 1238; x_wconf 90' lang='lat' dir='ltr'>ltem</span> <span class='ocrx_word' id='word_1_43' title='bbox 441 1174 588 1238; x_wconf 86' lang='lat' dir='ltr'>Geninus</span> <span class='ocrx_word' id='word_1_44' title='bbox 619 1175 742 1258; x_wconf 89' lang='lat' dir='ltr'>juratus</span> <span class='ocrx_word' id='word_1_45' title='bbox 772 1188 882 1237; x_wconf 90' lang='lat' dir='ltr'>contra</span> <span class='ocrx_word' id='word_1_46' title='bbox 914 1174 1053 1237; x_wconf 89' lang='lat' dir='ltr'>eundern</span> <span class='ocrx_word' id='word_1_47' title='bbox 1085 1173 1265 1236; x_wconf 91' lang='lat' dir='ltr'>Janslinum</span> <span class='ocrx_word' id='word_1_48' title='bbox 1297 1187 1414 1237; x_wconf 86' lang='lat' dir='ltr'>octavo</span> <span class='ocrx_word' id='word_1_49' title='bbox 1437 1171 1492 1236; x_wconf 87' lang='lat' dir='ltr'>die</span> 
     </span>
     <span class='ocr_line' id='line_1_9' title="bbox 222 1282 440 1364; baseline 0.009 -21"><span class='ocrx_word' id='word_1_50' title='bbox 222 1282 440 1364; x_wconf 83' lang='lat' dir='ltr'>respondebit.</span> 
     </span>
    </p>

    <p class='ocr_par' dir='ltr' id='par_1_6' title="bbox 222 1385 1490 1578">
     <span class='ocr_line' id='line_1_10' title="bbox 327 1385 1490 1471; baseline -0.003 -21"><span class='ocrx_word' id='word_1_51' title='bbox 327 1389 406 1450; x_wconf 88' lang='lat' dir='ltr'>Item</span> <span class='ocrx_word' id='word_1_52' title='bbox 430 1410 524 1452; x_wconf 90' lang='lat' dir='ltr'>causa</span> <span class='ocrx_word' id='word_1_53' title='bbox 541 1387 715 1450; x_wconf 83' lang='lat' dir='ltr'>Alexandri</span> <span class='ocrx_word' id='word_1_54' title='bbox 740 1402 771 1450; x_wconf 88' lang='lat' dir='ltr'>et</span> <span class='ocrx_word' id='word_1_55' title='bbox 793 1387 899 1450; x_wconf 89' lang='lat' dir='ltr'>Adree</span> <span class='ocrx_word' id='word_1_56' title='bbox 918 1387 983 1471; x_wconf 86' lang='lat' dir='ltr'>Syb</span> <span class='ocrx_word' id='word_1_57' title='bbox 1008 1401 1055 1449; x_wconf 91' lang='lat' dir='ltr'>est</span> <span class='ocrx_word' id='word_1_58' title='bbox 1077 1407 1134 1470; x_wconf 92' lang='lat' dir='ltr'>per</span> <span class='ocrx_word' id='word_1_59' title='bbox 1158 1385 1263 1449; x_wconf 88' lang='lat' dir='ltr'>Eliam</span> <span class='ocrx_word' id='word_1_60' title='bbox 1288 1385 1490 1449; x_wconf 81' lang='lat' dir='ltr'>aurifabrum</span> 
     </span>
     <span class='ocr_line' id='line_1_11' title="bbox 222 1492 1371 1578; baseline -0.003 -21"><span class='ocrx_word' id='word_1_61' title='bbox 222 1494 262 1557; x_wconf 92' lang='lat' dir='ltr'>ad</span> <span class='ocrx_word' id='word_1_62' title='bbox 287 1495 427 1578; x_wconf 91' lang='lat' dir='ltr'>primum</span> <span class='ocrx_word' id='word_1_63' title='bbox 452 1495 608 1576; x_wconf 84' lang='lat' dir='ltr'>judicium</span> <span class='ocrx_word' id='word_1_64' title='bbox 632 1509 704 1577; x_wconf 90' lang='lat' dir='ltr'>post</span> <span class='ocrx_word' id='word_1_65' title='bbox 728 1495 861 1577; x_wconf 82' lang='lat' dir='ltr'>nupcias</span> <span class='ocrx_word' id='word_1_66' title='bbox 886 1494 1009 1556; x_wconf 89' lang='lat' dir='ltr'>Mareni</span> <span class='ocrx_word' id='word_1_67' title='bbox 1033 1506 1159 1576; x_wconf 89' lang='lat' dir='ltr'>recepta</span> <span class='ocrx_word' id='word_1_68' title='bbox 1183 1492 1223 1554; x_wconf 89' lang='lat' dir='ltr'>ad</span> <span class='ocrx_word' id='word_1_69' title='bbox 1247 1512 1371 1575; x_wconf 90' lang='lat' dir='ltr'>pacem.</span> 
     </span>
    </p>
   </div>
   <div class='ocr_carea' id='block_1_2' title="bbox 220 1616 1489 2128">
    <p class='ocr_par' dir='ltr' id='par_1_7' title="bbox 221 1616 1489 1810">
     <span class='ocr_line' id='line_1_12' title="bbox 329 1616 1489 1704; baseline -0.003 -22"><span class='ocrx_word' id='word_1_70' title='bbox 329 1621 407 1682; x_wconf 90' lang='lat' dir='ltr'>ltem</span> <span class='ocrx_word' id='word_1_71' title='bbox 431 1640 525 1683; x_wconf 89' lang='lat' dir='ltr'>causa</span> <span class='ocrx_word' id='word_1_72' title='bbox 549 1619 640 1682; x_wconf 89' lang='lat' dir='ltr'>Pauli</span> <span class='ocrx_word' id='word_1_73' title='bbox 666 1621 776 1704; x_wconf 91' lang='lat' dir='ltr'>Kypar</span> <span class='ocrx_word' id='word_1_74' title='bbox 800 1632 831 1683; x_wconf 87' lang='lat' dir='ltr'>et</span> <span class='ocrx_word' id='word_1_75' title='bbox 863 1619 953 1681; x_wconf 89' lang='lat' dir='ltr'>Hans</span> <span class='ocrx_word' id='word_1_76' title='bbox 976 1633 1022 1682; x_wconf 88' lang='lat' dir='ltr'>est</span> <span class='ocrx_word' id='word_1_77' title='bbox 1052 1638 1108 1702; x_wconf 88' lang='lat' dir='ltr'>per</span> <span class='ocrx_word' id='word_1_78' title='bbox 1131 1619 1288 1680; x_wconf 90' lang='lat' dir='ltr'>lacobum</span> <span class='ocrx_word' id='word_1_79' title='bbox 1312 1616 1489 1700; x_wconf 89' lang='lat' dir='ltr'>pellificem</span> 
     </span>
     <span class='ocr_line' id='line_1_13' title="bbox 221 1726 816 1810; baseline 0.003 -22"><span class='ocrx_word' id='word_1_80' title='bbox 221 1726 261 1789; x_wconf 90' lang='lat' dir='ltr'>ad</span> <span class='ocrx_word' id='word_1_81' title='bbox 287 1740 361 1789; x_wconf 92' lang='lat' dir='ltr'>octo</span> <span class='ocrx_word' id='word_1_82' title='bbox 386 1727 454 1788; x_wconf 92' lang='lat' dir='ltr'>dies</span> <span class='ocrx_word' id='word_1_83' title='bbox 478 1741 604 1810; x_wconf 88' lang='lat' dir='ltr'>recepta</span> <span class='ocrx_word' id='word_1_84' title='bbox 628 1727 667 1789; x_wconf 93' lang='lat' dir='ltr'>ad</span> <span class='ocrx_word' id='word_1_85' title='bbox 693 1746 816 1810; x_wconf 88' lang='lat' dir='ltr'>pacem.</span> 
     </span>
    </p>

    <p class='ocr_par' dir='ltr' id='par_1_8' title="bbox 220 1831 1489 2128">
     <span class='ocr_line' id='line_1_14' title="bbox 328 1831 1489 1916; baseline -0.002 -22"><span class='ocrx_word' id='word_1_86' title='bbox 328 1833 404 1896; x_wconf 88' lang='lat' dir='ltr'>ltem</span> <span class='ocrx_word' id='word_1_87' title='bbox 432 1833 612 1916; x_wconf 85' lang='lat' dir='ltr'>Stephanus</span> <span class='ocrx_word' id='word_1_88' title='bbox 627 1853 726 1916; x_wconf 80' lang='lat' dir='ltr'>gener</span> <span class='ocrx_word' id='word_1_89' title='bbox 743 1832 854 1896; x_wconf 92' lang='lat' dir='ltr'>Touth</span> <span class='ocrx_word' id='word_1_90' title='bbox 872 1847 982 1896; x_wconf 89' lang='lat' dir='ltr'>contra</span> <span class='ocrx_word' id='word_1_91' title='bbox 1007 1831 1226 1895; x_wconf 81' lang='lat' dir='ltr'>Alexandrum</span> <span class='ocrx_word' id='word_1_92' title='bbox 1243 1831 1349 1915; x_wconf 90' lang='lat' dir='ltr'>primo</span> <span class='ocrx_word' id='word_1_93' title='bbox 1374 1831 1489 1893; x_wconf 91' lang='lat' dir='ltr'>citatus</span> 
     </span>
     <span class='ocr_line' id='line_1_15' title="bbox 220 1937 1487 2023; baseline -0.001 -22"><span class='ocrx_word' id='word_1_94' title='bbox 220 1959 285 2001; x_wconf 92' lang='lat' dir='ltr'>non</span> <span class='ocrx_word' id='word_1_95' title='bbox 318 1940 516 2022; x_wconf 91' lang='lat' dir='ltr'>comparuit;</span> <span class='ocrx_word' id='word_1_96' title='bbox 547 1939 632 2001; x_wconf 93' lang='lat' dir='ltr'>idem</span> <span class='ocrx_word' id='word_1_97' title='bbox 664 1941 846 2023; x_wconf 87' lang='lat' dir='ltr'>Stephanus</span> <span class='ocrx_word' id='word_1_98' title='bbox 877 1939 1084 2022; x_wconf 88' lang='lat' dir='ltr'>respondebit</span> <span class='ocrx_word' id='word_1_99' title='bbox 1122 1939 1227 2023; x_wconf 88' lang='lat' dir='ltr'>primo</span> <span class='ocrx_word' id='word_1_100' title='bbox 1259 1937 1380 2019; x_wconf 90' lang='lat' dir='ltr'>judicio</span> <span class='ocrx_word' id='word_1_101' title='bbox 1414 1952 1487 2020; x_wconf 91' lang='lat' dir='ltr'>post</span> 
     </span>
     <span class='ocr_line' id='line_1_16' title="bbox 220 2047 510 2128; baseline 0.01 -22"><span class='ocrx_word' id='word_1_102' title='bbox 220 2047 353 2128; x_wconf 91' lang='lat' dir='ltr'>nupcias</span> <span class='ocrx_word' id='word_1_103' title='bbox 378 2047 510 2109; x_wconf 87' lang='lat' dir='ltr'>Mareni.</span> 
     </span>
    </p>
   </div>
   <div class='ocr_carea' id='block_1_3' title="bbox 220 2168 1489 2465">
    <p class='ocr_par' dir='ltr' id='par_1_9' title="bbox 220 2168 1489 2465">
     <span class='ocr_line' id='line_1_17' title="bbox 330 2168 1489 2253; baseline -0.001 -22"><span class='ocrx_word' id='word_1_104' title='bbox 330 2170 436 2232; x_wconf 85' lang='lat' dir='ltr'>Posita</span> <span class='ocrx_word' id='word_1_105' title='bbox 467 2185 512 2232; x_wconf 90' lang='lat' dir='ltr'>est</span> <span class='ocrx_word' id='word_1_106' title='bbox 543 2190 625 2253; x_wconf 90' lang='lat' dir='ltr'>pena</span> <span class='ocrx_word' id='word_1_107' title='bbox 657 2171 771 2252; x_wconf 80' lang='lat' dir='ltr'>viginti</span> <span class='ocrx_word' id='word_1_108' title='bbox 804 2190 908 2233; x_wconf 88' lang='lat' dir='ltr'>marce</span> <span class='ocrx_word' id='word_1_109' title='bbox 941 2171 1023 2232; x_wconf 89' lang='lat' dir='ltr'>inter</span> <span class='ocrx_word' id='word_1_110' title='bbox 1054 2168 1234 2232; x_wconf 89' lang='lat' dir='ltr'>lohannem</span> <span class='ocrx_word' id='word_1_111' title='bbox 1262 2169 1423 2231; x_wconf 88' lang='lat' dir='ltr'>literatum</span> <span class='ocrx_word' id='word_1_112' title='bbox 1458 2182 1489 2230; x_wconf 90' lang='lat' dir='ltr'>et</span> 
     </span>
     <span class='ocr_line' id='line_1_18' title="bbox 222 2273 1487 2360; baseline -0.002 -22"><span class='ocrx_word' id='word_1_113' title='bbox 222 2276 406 2338; x_wconf 74' lang='lat' dir='ltr'>ladislaum</span> <span class='ocrx_word' id='word_1_114' title='bbox 431 2276 534 2339; x_wconf 91' lang='lat' dir='ltr'>filium</span> <span class='ocrx_word' id='word_1_115' title='bbox 559 2279 663 2340; x_wconf 86' lang='lat' dir='ltr'>Borke</span> <span class='ocrx_word' id='word_1_116' title='bbox 688 2278 713 2339; x_wconf 90' lang='lat' dir='ltr'>si</span> <span class='ocrx_word' id='word_1_117' title='bbox 741 2297 813 2360; x_wconf 90' lang='lat' dir='ltr'>pars</span> <span class='ocrx_word' id='word_1_118' title='bbox 845 2291 967 2359; x_wconf 90' lang='lat' dir='ltr'>partem</span> <span class='ocrx_word' id='word_1_119' title='bbox 992 2275 1088 2355; x_wconf 88' lang='lat' dir='ltr'>facto,</span> <span class='ocrx_word' id='word_1_120' title='bbox 1119 2277 1217 2337; x_wconf 89' lang='lat' dir='ltr'>verbo</span> <span class='ocrx_word' id='word_1_121' title='bbox 1241 2274 1292 2337; x_wconf 88' lang='lat' dir='ltr'>vel</span> <span class='ocrx_word' id='word_1_122' title='bbox 1316 2294 1415 2358; x_wconf 89' lang='lat' dir='ltr'>opere</span> <span class='ocrx_word' id='word_1_123' title='bbox 1439 2273 1487 2337; x_wconf 93' lang='lat' dir='ltr'>of·</span> 
     </span>
     <span class='ocr_line' id='line_1_19' title="bbox 220 2379 977 2465; baseline 0.004 -23"><span class='ocrx_word' id='word_1_124' title='bbox 220 2379 338 2460; x_wconf 86' lang='lat' dir='ltr'>fendet‚</span> <span class='ocrx_word' id='word_1_125' title='bbox 363 2383 466 2445; x_wconf 88' lang='lat' dir='ltr'>donec</span> <span class='ocrx_word' id='word_1_126' title='bbox 491 2383 613 2455; x_wconf 88' lang='lat' dir='ltr'>iusticia</span> <span class='ocrx_word' id='word_1_127' title='bbox 639 2381 734 2445; x_wconf 88' lang='lat' dir='ltr'>fuerit</span> <span class='ocrx_word' id='word_1_128' title='bbox 758 2384 839 2445; x_wconf 90' lang='lat' dir='ltr'>inter</span> <span class='ocrx_word' id='word_1_129' title='bbox 863 2397 977 2465; x_wconf 90' lang='lat' dir='ltr'>partes.</span> 
     </span>
    </p>
   </div>
   <div class='ocr_carea' id='block_1_4' title="bbox 218 2507 1489 3122">
    <p class='ocr_par' dir='ltr' id='par_1_10' title="bbox 219 2507 1489 2805">
     <span class='ocr_line' id='line_1_20' title="bbox 327 2507 1485 2590; baseline 0.003 -24"><span class='ocrx_word' id='word_1_130' title='bbox 327 2507 404 2567; x_wconf 92' lang='lat' dir='ltr'>ltem</span> <span class='ocrx_word' id='word_1_131' title='bbox 429 2507 560 2569; x_wconf 88' lang='lat' dir='ltr'>domina</span> <span class='ocrx_word' id='word_1_132' title='bbox 585 2507 693 2569; x_wconf 91' lang='lat' dir='ltr'>relicta</span> <span class='ocrx_word' id='word_1_133' title='bbox 718 2507 843 2570; x_wconf 89' lang='lat' dir='ltr'>Nicolai</span> <span class='ocrx_word' id='word_1_134' title='bbox 867 2507 1018 2570; x_wconf 84' lang='lat' dir='ltr'>aurifabri</span> <span class='ocrx_word' id='word_1_135' title='bbox 1048 2521 1078 2570; x_wconf 91' lang='lat' dir='ltr'>et</span> <span class='ocrx_word' id='word_1_136' title='bbox 1101 2508 1149 2569; x_wconf 96' lang='lat' dir='ltr'>sui</span> <span class='ocrx_word' id='word_1_137' title='bbox 1174 2507 1264 2590; x_wconf 93' lang='lat' dir='ltr'>pueri</span> <span class='ocrx_word' id='word_1_138' title='bbox 1289 2519 1405 2568; x_wconf 90' lang='lat' dir='ltr'>octavo</span> <span class='ocrx_word' id='word_1_139' title='bbox 1431 2507 1485 2569; x_wconf 90' lang='lat' dir='ltr'>die</span> 
     </span>
     <span class='ocr_line' id='line_1_21' title="bbox 219 2611 1489 2696; baseline 0.004 -25"><span class='ocrx_word' id='word_1_140' title='bbox 219 2630 314 2692; x_wconf 89' lang='lat' dir='ltr'>super</span> <span class='ocrx_word' id='word_1_141' title='bbox 338 2611 438 2673; x_wconf 93' lang='lat' dir='ltr'>domo</span> <span class='ocrx_word' id='word_1_142' title='bbox 462 2614 600 2675; x_wconf 86' lang='lat' dir='ltr'>condam</span> <span class='ocrx_word' id='word_1_143' title='bbox 626 2611 758 2695; x_wconf 79' lang='lat' dir='ltr'>Georgii</span> <span class='ocrx_word' id='word_1_144' title='bbox 776 2613 949 2677; x_wconf 86' lang='lat' dir='ltr'>sacerdotis</span> <span class='ocrx_word' id='word_1_145' title='bbox 966 2614 1006 2676; x_wconf 92' lang='lat' dir='ltr'>de</span> <span class='ocrx_word' id='word_1_146' title='bbox 1025 2613 1203 2696; x_wconf 90' lang='lat' dir='ltr'>Oporouch</span> <span class='ocrx_word' id='word_1_147' title='bbox 1227 2613 1258 2675; x_wconf 94' lang='lat' dir='ltr'>in</span> <span class='ocrx_word' id='word_1_148' title='bbox 1284 2628 1391 2675; x_wconf 88' lang='lat' dir='ltr'>nostra</span> <span class='ocrx_word' id='word_1_149' title='bbox 1410 2614 1489 2676; x_wconf 88' lang='lat' dir='ltr'>civi-</span> 
     </span>
     <span class='ocr_line' id='line_1_22' title="bbox 219 2716 1233 2805; baseline 0.008 -28"><span class='ocrx_word' id='word_1_150' title='bbox 219 2729 283 2779; x_wconf 90' lang='lat' dir='ltr'>tate</span> <span class='ocrx_word' id='word_1_151' title='bbox 307 2716 414 2779; x_wconf 91' lang='lat' dir='ltr'>habita</span> <span class='ocrx_word' id='word_1_152' title='bbox 438 2717 507 2798; x_wconf 89' lang='lat' dir='ltr'>jura</span> <span class='ocrx_word' id='word_1_153' title='bbox 532 2719 677 2799; x_wconf 83' lang='lat' dir='ltr'>literalia,</span> <span class='ocrx_word' id='word_1_154' title='bbox 701 2721 726 2781; x_wconf 91' lang='lat' dir='ltr'>si</span> <span class='ocrx_word' id='word_1_155' title='bbox 751 2741 815 2803; x_wconf 93' lang='lat' dir='ltr'>qua</span> <span class='ocrx_word' id='word_1_156' title='bbox 839 2721 1020 2802; x_wconf 86' lang='lat' dir='ltr'>habuerint,</span> <span class='ocrx_word' id='word_1_157' title='bbox 1044 2721 1233 2805; x_wconf 87' lang='lat' dir='ltr'>producent.</span> 
     </span>
    </p>

    <p class='ocr_par' dir='ltr' id='par_1_11' title="bbox 218 2825 1489 3018">
     <span class='ocr_line' id='line_1_23' title="bbox 324 2825 1489 2912; baseline 0.007 -28"><span class='ocrx_word' id='word_1_158' title='bbox 324 2825 403 2887; x_wconf 91' lang='lat' dir='ltr'>Item</span> <span class='ocrx_word' id='word_1_159' title='bbox 428 2845 521 2888; x_wconf 89' lang='lat' dir='ltr'>causa</span> <span class='ocrx_word' id='word_1_160' title='bbox 547 2826 686 2888; x_wconf 87' lang='lat' dir='ltr'>Ladislai</span> <span class='ocrx_word' id='word_1_161' title='bbox 711 2829 878 2889; x_wconf 87' lang='lat' dir='ltr'>assessoris</span> <span class='ocrx_word' id='word_1_162' title='bbox 901 2843 932 2890; x_wconf 91' lang='lat' dir='ltr'>et</span> <span class='ocrx_word' id='word_1_163' title='bbox 960 2829 1114 2912; x_wconf 90' lang='lat' dir='ltr'>Stephani</span> <span class='ocrx_word' id='word_1_164' title='bbox 1138 2827 1219 2891; x_wconf 90' lang='lat' dir='ltr'>fabri</span> <span class='ocrx_word' id='word_1_165' title='bbox 1243 2842 1289 2889; x_wconf 91' lang='lat' dir='ltr'>est</span> <span class='ocrx_word' id='word_1_166' title='bbox 1313 2848 1370 2911; x_wconf 92' lang='lat' dir='ltr'>per</span> <span class='ocrx_word' id='word_1_167' title='bbox 1395 2830 1489 2892; x_wconf 89' lang='lat' dir='ltr'>Mau·</span> 
     </span>
     <span class='ocr_line' id='line_1_24' title="bbox 218 2930 1226 3018; baseline 0.004 -26"><span class='ocrx_word' id='word_1_168' title='bbox 218 2930 331 2993; x_wconf 89' lang='lat' dir='ltr'>ricium</span> <span class='ocrx_word' id='word_1_169' title='bbox 357 2946 387 2993; x_wconf 91' lang='lat' dir='ltr'>et</span> <span class='ocrx_word' id='word_1_170' title='bbox 413 2932 610 3014; x_wconf 90' lang='lat' dir='ltr'>Stephanum</span> <span class='ocrx_word' id='word_1_171' title='bbox 636 2934 676 2996; x_wconf 90' lang='lat' dir='ltr'>ad</span> <span class='ocrx_word' id='word_1_172' title='bbox 700 2949 773 2996; x_wconf 86' lang='lat' dir='ltr'>octo</span> <span class='ocrx_word' id='word_1_173' title='bbox 797 2933 865 2996; x_wconf 92' lang='lat' dir='ltr'>dies</span> <span class='ocrx_word' id='word_1_174' title='bbox 887 2949 1014 3018; x_wconf 89' lang='lat' dir='ltr'>recepta</span> <span class='ocrx_word' id='word_1_175' title='bbox 1038 2935 1078 2998; x_wconf 93' lang='lat' dir='ltr'>ad</span> <span class='ocrx_word' id='word_1_176' title='bbox 1103 2954 1226 3017; x_wconf 90' lang='lat' dir='ltr'>pacem.</span> 
     </span>
    </p>

    <p class='ocr_par' dir='ltr' id='par_1_12' title="bbox 327 3039 1485 3122">
     <span class='ocr_line' id='line_1_25' title="bbox 327 3039 1485 3122; baseline 0.004 -22"><span class='ocrx_word' id='word_1_177' title='bbox 327 3039 404 3101; x_wconf 90' lang='lat' dir='ltr'>ltem</span> <span class='ocrx_word' id='word_1_178' title='bbox 418 3039 563 3102; x_wconf 78' lang='lat' dir='ltr'>Andreas</span> <span class='ocrx_word' id='word_1_179' title='bbox 576 3041 632 3103; x_wconf 86' lang='lat' dir='ltr'>Sib</span> <span class='ocrx_word' id='word_1_180' title='bbox 646 3053 756 3104; x_wconf 90' lang='lat' dir='ltr'>contra</span> <span class='ocrx_word' id='word_1_181' title='bbox 771 3042 955 3104; x_wconf 86' lang='lat' dir='ltr'>Ladislaum</span> <span class='ocrx_word' id='word_1_182' title='bbox 972 3042 1054 3103; x_wconf 91' lang='lat' dir='ltr'>tular</span> <span class='ocrx_word' id='word_1_183' title='bbox 1067 3055 1181 3104; x_wconf 90' lang='lat' dir='ltr'>octavo</span> <span class='ocrx_word' id='word_1_184' title='bbox 1198 3041 1250 3103; x_wconf 92' lang='lat' dir='ltr'>die</span> <span class='ocrx_word' id='word_1_185' title='bbox 1261 3039 1485 3122; x_wconf 85' lang='lat' dir='ltr'>respondebit.</span> 
     </span>
    </p>
   </div>
   <div class='ocr_carea' id='block_1_5' title="bbox 219 3162 1489 3566">
    <p class='ocr_par' dir='ltr' id='par_1_13' title="bbox 219 3162 1489 3354">
     <span class='ocr_line' id='line_1_26' title="bbox 324 3162 1488 3247; baseline 0.004 -23"><span class='ocrx_word' id='word_1_186' title='bbox 324 3162 402 3225; x_wconf 89' lang='lat' dir='ltr'>ltem</span> <span class='ocrx_word' id='word_1_187' title='bbox 433 3183 527 3227; x_wconf 91' lang='lat' dir='ltr'>causa</span> <span class='ocrx_word' id='word_1_188' title='bbox 560 3165 716 3227; x_wconf 89' lang='lat' dir='ltr'>Hermani</span> <span class='ocrx_word' id='word_1_189' title='bbox 750 3179 781 3226; x_wconf 90' lang='lat' dir='ltr'>et</span> <span class='ocrx_word' id='word_1_190' title='bbox 814 3166 897 3228; x_wconf 89' lang='lat' dir='ltr'>Petri</span> <span class='ocrx_word' id='word_1_191' title='bbox 928 3180 1038 3228; x_wconf 92' lang='lat' dir='ltr'>contra</span> <span class='ocrx_word' id='word_1_192' title='bbox 1071 3165 1242 3228; x_wconf 87' lang='lat' dir='ltr'>Paulinum</span> <span class='ocrx_word' id='word_1_193' title='bbox 1273 3179 1320 3227; x_wconf 92' lang='lat' dir='ltr'>est</span> <span class='ocrx_word' id='word_1_194' title='bbox 1342 3183 1400 3247; x_wconf 91' lang='lat' dir='ltr'>per</span> <span class='ocrx_word' id='word_1_195' title='bbox 1434 3167 1488 3229; x_wconf 90' lang='lat' dir='ltr'>Jo-</span> 
     </span>
     <span class='ocr_line' id='line_1_27' title="bbox 219 3270 1489 3354; baseline 0.005 -24"><span class='ocrx_word' id='word_1_196' title='bbox 219 3271 360 3332; x_wconf 87' lang='lat' dir='ltr'>hannem</span> <span class='ocrx_word' id='word_1_197' title='bbox 385 3271 506 3332; x_wconf 91' lang='lat' dir='ltr'>vuzdar</span> <span class='ocrx_word' id='word_1_198' title='bbox 528 3285 559 3333; x_wconf 87' lang='lat' dir='ltr'>et</span> <span class='ocrx_word' id='word_1_199' title='bbox 576 3270 774 3354; x_wconf 87' lang='lat' dir='ltr'>Stephanum</span> <span class='ocrx_word' id='word_1_200' title='bbox 792 3270 918 3335; x_wconf 87' lang='lat' dir='ltr'>fabrum</span> <span class='ocrx_word' id='word_1_201' title='bbox 935 3272 976 3335; x_wconf 93' lang='lat' dir='ltr'>ad</span> <span class='ocrx_word' id='word_1_202' title='bbox 993 3288 1065 3334; x_wconf 94' lang='lat' dir='ltr'>octo</span> <span class='ocrx_word' id='word_1_203' title='bbox 1083 3272 1152 3332; x_wconf 88' lang='lat' dir='ltr'>dies</span> <span class='ocrx_word' id='word_1_204' title='bbox 1168 3270 1343 3353; x_wconf 89' lang='lat' dir='ltr'>receptaad</span> <span class='ocrx_word' id='word_1_205' title='bbox 1360 3290 1489 3353; x_wconf 90' lang='lat' dir='ltr'>pacem.</span> 
     </span>
    </p>

    <p class='ocr_par' dir='ltr' id='par_1_14' title="bbox 219 3377 1489 3566">
     <span class='ocr_line' id='line_1_28' title="bbox 325 3377 1489 3461; baseline 0.003 -23"><span class='ocrx_word' id='word_1_206' title='bbox 325 3377 402 3439; x_wconf 89' lang='lat' dir='ltr'>ltem</span> <span class='ocrx_word' id='word_1_207' title='bbox 428 3377 603 3459; x_wconf 91' lang='lat' dir='ltr'>Dyonisius</span> <span class='ocrx_word' id='word_1_208' title='bbox 626 3392 715 3440; x_wconf 88' lang='lat' dir='ltr'>sutor</span> <span class='ocrx_word' id='word_1_209' title='bbox 739 3393 849 3441; x_wconf 91' lang='lat' dir='ltr'>contra</span> <span class='ocrx_word' id='word_1_210' title='bbox 880 3377 1072 3461; x_wconf 80' lang='lat' dir='ltr'>Gregorium</span> <span class='ocrx_word' id='word_1_211' title='bbox 1105 3398 1216 3440; x_wconf 89' lang='lat' dir='ltr'>voscar</span> <span class='ocrx_word' id='word_1_212' title='bbox 1240 3378 1345 3461; x_wconf 86' lang='lat' dir='ltr'>primo</span> <span class='ocrx_word' id='word_1_213' title='bbox 1370 3378 1489 3441; x_wconf 90' lang='lat' dir='ltr'>citatus</span> 
     </span>
     <span class='ocr_line' id='line_1_29' title="bbox 219 3485 499 3566; baseline 0.007 -22"><span class='ocrx_word' id='word_1_214' title='bbox 219 3501 284 3545; x_wconf 91' lang='lat' dir='ltr'>non</span> <span class='ocrx_word' id='word_1_215' title='bbox 309 3485 499 3566; x_wconf 88' lang='lat' dir='ltr'>comparuit.</span> 
     </span>
    </p>
   </div>
   <div class='ocr_carea' id='block_1_6' title="bbox 216 3607 1488 4119">
    <p class='ocr_par' dir='ltr' id='par_1_15' title="bbox 216 3607 1488 3798">
     <span class='ocr_line' id='line_1_30' title="bbox 324 3607 1488 3693; baseline 0.005 -25"><span class='ocrx_word' id='word_1_216' title='bbox 324 3608 402 3669; x_wconf 92' lang='lat' dir='ltr'>ltem</span> <span class='ocrx_word' id='word_1_217' title='bbox 419 3608 570 3689; x_wconf 81' lang='lat' dir='ltr'>magister</span> <span class='ocrx_word' id='word_1_218' title='bbox 593 3607 754 3670; x_wconf 90' lang='lat' dir='ltr'>Johannes</span> <span class='ocrx_word' id='word_1_219' title='bbox 787 3609 920 3692; x_wconf 90' lang='lat' dir='ltr'>Crispus</span> <span class='ocrx_word' id='word_1_220' title='bbox 951 3622 1059 3672; x_wconf 91' lang='lat' dir='ltr'>contra</span> <span class='ocrx_word' id='word_1_221' title='bbox 1084 3607 1259 3693; x_wconf 90' lang='lat' dir='ltr'>Gyuanum</span> <span class='ocrx_word' id='word_1_222' title='bbox 1283 3622 1399 3673; x_wconf 86' lang='lat' dir='ltr'>octavo</span> <span class='ocrx_word' id='word_1_223' title='bbox 1431 3611 1488 3674; x_wconf 88' lang='lat' dir='ltr'>die</span> 
     </span>
     <span class='ocr_line' id='line_1_31' title="bbox 216 3714 1485 3798; baseline 0.004 -23"><span class='ocrx_word' id='word_1_224' title='bbox 216 3714 435 3797; x_wconf 88' lang='lat' dir='ltr'>respondebit,</span> <span class='ocrx_word' id='word_1_225' title='bbox 460 3728 490 3776; x_wconf 89' lang='lat' dir='ltr'>et</span> <span class='ocrx_word' id='word_1_226' title='bbox 514 3716 664 3777; x_wconf 89' lang='lat' dir='ltr'>Marenus</span> <span class='ocrx_word' id='word_1_227' title='bbox 688 3729 798 3778; x_wconf 90' lang='lat' dir='ltr'>contra</span> <span class='ocrx_word' id='word_1_228' title='bbox 820 3714 1023 3778; x_wconf 87' lang='lat' dir='ltr'>Clementem</span> <span class='ocrx_word' id='word_1_229' title='bbox 1048 3730 1162 3778; x_wconf 87' lang='lat' dir='ltr'>octavo</span> <span class='ocrx_word' id='word_1_230' title='bbox 1187 3716 1239 3778; x_wconf 87' lang='lat' dir='ltr'>die</span> <span class='ocrx_word' id='word_1_231' title='bbox 1263 3715 1485 3798; x_wconf 89' lang='lat' dir='ltr'>respondebit.</span> 
     </span>
    </p>

    <p class='ocr_par' dir='ltr' id='par_1_16' title="bbox 322 3818 1331 3907">
     <span class='ocr_line' id='line_1_32' title="bbox 322 3818 1331 3907; baseline 0.001 -26"><span class='ocrx_word' id='word_1_232' title='bbox 322 3821 401 3882; x_wconf 89' lang='lat' dir='ltr'>ltem</span> <span class='ocrx_word' id='word_1_233' title='bbox 425 3818 510 3883; x_wconf 84' lang='lat' dir='ltr'>lwan</span> <span class='ocrx_word' id='word_1_234' title='bbox 535 3834 644 3883; x_wconf 90' lang='lat' dir='ltr'>contra</span> <span class='ocrx_word' id='word_1_235' title='bbox 670 3821 760 3884; x_wconf 86' lang='lat' dir='ltr'>Hans</span> <span class='ocrx_word' id='word_1_236' title='bbox 783 3823 889 3905; x_wconf 91' lang='lat' dir='ltr'>primo</span> <span class='ocrx_word' id='word_1_237' title='bbox 913 3822 1027 3885; x_wconf 91' lang='lat' dir='ltr'>citatus</span> <span class='ocrx_word' id='word_1_238' title='bbox 1051 3843 1115 3884; x_wconf 90' lang='lat' dir='ltr'>non</span> <span class='ocrx_word' id='word_1_239' title='bbox 1141 3823 1331 3907; x_wconf 90' lang='lat' dir='ltr'>comparuit.</span> 
     </span>
    </p>

    <p class='ocr_par' dir='ltr' id='par_1_17' title="bbox 216 3928 1486 4119">
     <span class='ocr_line' id='line_1_33' title="bbox 322 3928 1486 4013; baseline 0.003 -23"><span class='ocrx_word' id='word_1_240' title='bbox 322 3929 400 3991; x_wconf 91' lang='lat' dir='ltr'>ltem</span> <span class='ocrx_word' id='word_1_241' title='bbox 424 3928 570 3992; x_wconf 86' lang='lat' dir='ltr'>Andreas</span> <span class='ocrx_word' id='word_1_242' title='bbox 595 3929 651 3991; x_wconf 92' lang='lat' dir='ltr'>Sib</span> <span class='ocrx_word' id='word_1_243' title='bbox 671 3943 781 3991; x_wconf 91' lang='lat' dir='ltr'>contra</span> <span class='ocrx_word' id='word_1_244' title='bbox 806 3930 996 4013; x_wconf 89' lang='lat' dir='ltr'>Fabyanum</span> <span class='ocrx_word' id='word_1_245' title='bbox 1013 3930 1175 3993; x_wconf 89' lang='lat' dir='ltr'>literatum</span> <span class='ocrx_word' id='word_1_246' title='bbox 1199 3930 1341 3992; x_wconf 90' lang='lat' dir='ltr'>secundo</span> <span class='ocrx_word' id='word_1_247' title='bbox 1365 3929 1486 3993; x_wconf 91' lang='lat' dir='ltr'>citatus</span> 
     </span>
     <span class='ocr_line' id='line_1_34' title="bbox 216 4036 496 4119; baseline 0.004 -23"><span class='ocrx_word' id='word_1_248' title='bbox 216 4054 281 4097; x_wconf 92' lang='lat' dir='ltr'>non</span> <span class='ocrx_word' id='word_1_249' title='bbox 307 4036 496 4119; x_wconf 89' lang='lat' dir='ltr'>comparuit.</span> 
     </span>
    </p>
   </div>
   <div class='ocr_carea' id='block_1_7' title="bbox 213 4157 1483 4885">
    <p class='ocr_par' dir='ltr' id='par_1_18' title="bbox 213 4157 1483 4885">
     <span class='ocr_line' id='line_1_35' title="bbox 321 4157 1483 4241; baseline 0.003 -22"><span class='ocrx_word' id='word_1_250' title='bbox 321 4158 400 4221; x_wconf 90' lang='lat' dir='ltr'>ltem</span> <span class='ocrx_word' id='word_1_251' title='bbox 428 4159 646 4240; x_wconf 86' lang='lat' dir='ltr'>possessiones</span> <span class='ocrx_word' id='word_1_252' title='bbox 670 4159 811 4241; x_wconf 83' lang='lat' dir='ltr'>magistri</span> <span class='ocrx_word' id='word_1_253' title='bbox 843 4160 970 4222; x_wconf 91' lang='lat' dir='ltr'>Nicolai</span> <span class='ocrx_word' id='word_1_254' title='bbox 994 4159 1052 4222; x_wconf 87' lang='lat' dir='ltr'>lilii</span> <span class='ocrx_word' id='word_1_255' title='bbox 1085 4158 1257 4222; x_wconf 82' lang='lat' dir='ltr'>Alexandri</span> <span class='ocrx_word' id='word_1_256' title='bbox 1283 4157 1387 4221; x_wconf 83' lang='lat' dir='ltr'>eidem</span> <span class='ocrx_word' id='word_1_257' title='bbox 1413 4178 1483 4222; x_wconf 90' lang='lat' dir='ltr'>ma-</span> 
     </span>
     <span class='ocr_line' id='line_1_36' title="bbox 213 4265 1483 4349; baseline 0.002 -24"><span class='ocrx_word' id='word_1_258' title='bbox 213 4265 312 4347; x_wconf 82' lang='lat' dir='ltr'>gistro</span> <span class='ocrx_word' id='word_1_259' title='bbox 338 4265 472 4327; x_wconf 91' lang='lat' dir='ltr'>Nicolao</span> <span class='ocrx_word' id='word_1_260' title='bbox 497 4266 667 4328; x_wconf 90' lang='lat' dir='ltr'>statuimus</span> <span class='ocrx_word' id='word_1_261' title='bbox 689 4280 845 4348; x_wconf 91' lang='lat' dir='ltr'>perpetuo</span> <span class='ocrx_word' id='word_1_262' title='bbox 870 4266 1080 4348; x_wconf 89' lang='lat' dir='ltr'>possidendas</span> <span class='ocrx_word' id='word_1_263' title='bbox 1104 4286 1162 4349; x_wconf 93' lang='lat' dir='ltr'>pro</span> <span class='ocrx_word' id='word_1_264' title='bbox 1180 4286 1218 4327; x_wconf 87' lang='lat' dir='ltr'>eo</span> <span class='ocrx_word' id='word_1_265' title='bbox 1242 4279 1273 4326; x_wconf 89' lang='lat' dir='ltr'>et</span> <span class='ocrx_word' id='word_1_266' title='bbox 1297 4285 1333 4327; x_wconf 87' lang='lat' dir='ltr'>ex</span> <span class='ocrx_word' id='word_1_267' title='bbox 1358 4284 1398 4327; x_wconf 93' lang='lat' dir='ltr'>eo</span> <span class='ocrx_word' id='word_1_268' title='bbox 1421 4285 1483 4349; x_wconf 93' lang='lat' dir='ltr'>po·</span> 
     </span>
     <span class='ocr_line' id='line_1_37' title="bbox 214 4370 1483 4455; baseline 0.002 -23"><span class='ocrx_word' id='word_1_269' title='bbox 214 4370 336 4433; x_wconf 89' lang='lat' dir='ltr'>tissime</span> <span class='ocrx_word' id='word_1_270' title='bbox 360 4371 435 4452; x_wconf 90' lang='lat' dir='ltr'>quia</span> <span class='ocrx_word' id='word_1_271' title='bbox 459 4371 610 4454; x_wconf 80' lang='lat' dir='ltr'>magister</span> <span class='ocrx_word' id='word_1_272' title='bbox 635 4370 816 4452; x_wconf 85' lang='lat' dir='ltr'>Stephanus</span> <span class='ocrx_word' id='word_1_273' title='bbox 839 4370 923 4433; x_wconf 89' lang='lat' dir='ltr'>lilius</span> <span class='ocrx_word' id='word_1_274' title='bbox 940 4373 1065 4435; x_wconf 91' lang='lat' dir='ltr'>Nicolai</span> <span class='ocrx_word' id='word_1_275' title='bbox 1082 4372 1140 4435; x_wconf 92' lang='lat' dir='ltr'>filii</span> <span class='ocrx_word' id='word_1_276' title='bbox 1165 4371 1298 4455; x_wconf 93' lang='lat' dir='ltr'>Chopor</span> <span class='ocrx_word' id='word_1_277' title='bbox 1314 4370 1354 4432; x_wconf 94' lang='lat' dir='ltr'>ad</span> <span class='ocrx_word' id='word_1_278' title='bbox 1372 4371 1483 4453; x_wconf 87' lang='lat' dir='ltr'>plures</span> 
     </span>
     <span class='ocr_line' id='line_1_38' title="bbox 214 4477 1482 4560; baseline 0.002 -21"><span class='ocrx_word' id='word_1_279' title='bbox 214 4477 369 4540; x_wconf 85' lang='lat' dir='ltr'>terminos</span> <span class='ocrx_word' id='word_1_280' title='bbox 391 4497 449 4560; x_wconf 88' lang='lat' dir='ltr'>per</span> <span class='ocrx_word' id='word_1_281' title='bbox 480 4497 539 4539; x_wconf 88' lang='lat' dir='ltr'>nos</span> <span class='ocrx_word' id='word_1_282' title='bbox 569 4477 630 4539; x_wconf 86' lang='lat' dir='ltr'>sibi</span> <span class='ocrx_word' id='word_1_283' title='bbox 660 4477 837 4559; x_wconf 82' lang='lat' dir='ltr'>assignatos</span> <span class='ocrx_word' id='word_1_284' title='bbox 868 4479 1002 4540; x_wconf 90' lang='lat' dir='ltr'>minime</span> <span class='ocrx_word' id='word_1_285' title='bbox 1027 4480 1135 4541; x_wconf 87' lang='lat' dir='ltr'>venire</span> <span class='ocrx_word' id='word_1_286' title='bbox 1167 4478 1300 4556; x_wconf 89' lang='lat' dir='ltr'>curavit,</span> <span class='ocrx_word' id='word_1_287' title='bbox 1332 4497 1391 4539; x_wconf 84' lang='lat' dir='ltr'>nec</span> <span class='ocrx_word' id='word_1_288' title='bbox 1422 4499 1482 4542; x_wconf 92' lang='lat' dir='ltr'>sua</span> 
     </span>
     <span class='ocr_line' id='line_1_39' title="bbox 214 4582 1478 4666; baseline 0.002 -21"><span class='ocrx_word' id='word_1_289' title='bbox 214 4582 426 4647; x_wconf 89' lang='lat' dir='ltr'>instrumenta</span> <span class='ocrx_word' id='word_1_290' title='bbox 451 4585 596 4663; x_wconf 83' lang='lat' dir='ltr'>literalia,</span> <span class='ocrx_word' id='word_1_291' title='bbox 621 4584 646 4644; x_wconf 90' lang='lat' dir='ltr'>si</span> <span class='ocrx_word' id='word_1_292' title='bbox 671 4603 734 4665; x_wconf 90' lang='lat' dir='ltr'>qua</span> <span class='ocrx_word' id='word_1_293' title='bbox 764 4583 870 4664; x_wconf 87' lang='lat' dir='ltr'>habet,</span> <span class='ocrx_word' id='word_1_294' title='bbox 895 4585 1043 4647; x_wconf 82' lang='lat' dir='ltr'>exhibere</span> <span class='ocrx_word' id='word_1_295' title='bbox 1069 4586 1189 4663; x_wconf 88' lang='lat' dir='ltr'>voluit;</span> <span class='ocrx_word' id='word_1_296' title='bbox 1214 4587 1239 4647; x_wconf 89' lang='lat' dir='ltr'>si</span> <span class='ocrx_word' id='word_1_297' title='bbox 1264 4584 1342 4666; x_wconf 92' lang='lat' dir='ltr'>quid</span> <span class='ocrx_word' id='word_1_298' title='bbox 1367 4598 1478 4648; x_wconf 90' lang='lat' dir='ltr'>autem</span> 
     </span>
     <span class='ocr_line' id='line_1_40' title="bbox 214 4690 1479 4775; baseline 0.002 -22"><span class='ocrx_word' id='word_1_299' title='bbox 214 4690 300 4753; x_wconf 92' lang='lat' dir='ltr'>idem</span> <span class='ocrx_word' id='word_1_300' title='bbox 325 4693 475 4773; x_wconf 85' lang='lat' dir='ltr'>magister</span> <span class='ocrx_word' id='word_1_301' title='bbox 500 4691 681 4774; x_wconf 90' lang='lat' dir='ltr'>Stephanus</span> <span class='ocrx_word' id='word_1_302' title='bbox 704 4711 799 4773; x_wconf 89' lang='lat' dir='ltr'>super</span> <span class='ocrx_word' id='word_1_303' title='bbox 826 4692 932 4775; x_wconf 84' lang='lat' dir='ltr'>ipsum</span> <span class='ocrx_word' id='word_1_304' title='bbox 965 4694 1153 4774; x_wconf 87' lang='lat' dir='ltr'>magistrum</span> <span class='ocrx_word' id='word_1_305' title='bbox 1178 4693 1349 4756; x_wconf 89' lang='lat' dir='ltr'>Nicolaum</span> <span class='ocrx_word' id='word_1_306' title='bbox 1373 4691 1479 4756; x_wconf 83' lang='lat' dir='ltr'>filiurn</span> 
     </span>
     <span class='ocr_line' id='line_1_41' title="bbox 214 4796 1381 4885; baseline 0 -22"><span class='ocrx_word' id='word_1_307' title='bbox 214 4798 389 4863; x_wconf 78' lang='lat' dir='ltr'>Alexandri</span> <span class='ocrx_word' id='word_1_308' title='bbox 414 4817 546 4885; x_wconf 89' lang='lat' dir='ltr'>querere</span> <span class='ocrx_word' id='word_1_309' title='bbox 571 4796 728 4879; x_wconf 84' lang='lat' dir='ltr'>habuerit,</span> <span class='ocrx_word' id='word_1_310' title='bbox 752 4796 886 4879; x_wconf 86' lang='lat' dir='ltr'>juridice</span> <span class='ocrx_word' id='word_1_311' title='bbox 911 4814 1123 4882; x_wconf 87' lang='lat' dir='ltr'>prosequatur</span> <span class='ocrx_word' id='word_1_312' title='bbox 1147 4819 1254 4863; x_wconf 90' lang='lat' dir='ltr'>coram</span> <span class='ocrx_word' id='word_1_313' title='bbox 1279 4798 1381 4863; x_wconf 89' lang='lat' dir='ltr'>nobis.</span> 
     </span>
    </p>
   </div>
   <div class='ocr_carea' id='block_1_8' title="bbox 0 0 1706 5362">
    <p class='ocr_par' dir='ltr' id='par_1_19' title="bbox 0 0 1706 5362">
     <span class='ocr_line' id='line_1_42' title="bbox 0 0 1706 5362; baseline 0 3"><span class='ocrx_word' id='word_1_314' title='bbox 0 0 1706 5362; x_wconf 95' lang='lat' dir='ltr'> </span> 
     </span>
    </p>
   </div>
  </div>
 </body>
</html>
