3404 5362
314 483 392 545 ltem
421 503 514 546 causa
548 483 627 565 Elye
660 482 748 564 parvi
781 497 891 544 contra
924 482 1039 544 Paulas
1063 482 1103 543 ad
1136 496 1288 544 octavum
1315 482 1402 545 diem
1433 485 1467 545 ad

208 610 320 673 pacem
346 603 393 651 est
417 604 553 672 recepta.

315 697 393 759 Item
418 716 510 758 causa
536 697 636 758 Vorih
668 696 757 778 figuli
791 711 900 758 contra
935 697 1049 780 Jalrlyn
1077 696 1117 758 ad
1149 710 1301 758 octavum
1328 696 1412 757 diem
1434 697 1468 756 ad

210 823 321 887 pacem
345 817 391 865 est
415 818 551 885 recepta.

317 911 394 972 Item
421 911 574 972 Nicolaus
600 911 757 993 Delasyclr
784 909 943 991 Gregorio
973 910 1041 971 filio
1068 911 1193 972 Nicolai
1225 911 1386 972 ducentos
1409 908 1470 970 flor.

210 1018 277 1078 auri
304 1036 405 1098 usque
430 1017 611 1098 quindenas
634 1017 758 1078 solvere
788 1017 894 1078 debet.

320 1125 396 1185 ltem
422 1139 621 1186 exsecutores
645 1124 825 1185 testamenti
851 1124 1004 1206 Myltussii
1030 1123 1167 1185 condam
1200 1122 1316 1203 judicis
1340 1124 1470 1204 quedam

211 1231 303 1311 vagia
328 1251 344 1290 a
372 1232 459 1291 Lulra
485 1231 613 1292 Bonioli
640 1250 740 1311 usque
767 1230 948 1311 quindenas
973 1230 1129 1291 redimere
1154 1229 1286 1292 debent.

318 1338 395 1399 ltem
415 1337 560 1419 Mychnel
578 1337 661 1398 filius
688 1337 835 1398 Damiani
856 1336 974 1397 Mathie
996 1335 1063 1397 filio
1080 1338 1231 1418 orosnyk,
1255 1337 1346 1418 quod
1366 1338 1472 1398 decem

213 1462 335 1504 marcas
360 1443 565 1504 denariorum
591 1444 683 1526 plene
699 1444 861 1526 persolvit,
886 1462 943 1524 pro
961 1444 1079 1524 quibus
1103 1443 1246 1524 quedam
1270 1457 1354 1504 terra
1371 1442 1474 1504 fuisset

212 1550 363 1630 obligata,
389 1550 620 1630 (testimonium
648 1549 824 1632 producet).

320 1656 396 1717 ltem
424 1657 531 1718 Marco
564 1656 648 1717 lilius
679 1656 815 1738 Mykech
848 1656 904 1716 filii
937 1656 1097 1718 Francisci
1130 1657 1385 1737 quatuordecem
1410 1657 1474 1717 flor.

213 1762 280 1823 auri
307 1762 472 1823 Anthonio
505 1761 571 1823 filio
597 1762 705 1839 Reme,
726 1762 967 1844 quamprimum
992 1762 1100 1842 aliqua
1133 1761 1258 1823 solucio
1284 1762 1361 1844 ipsis
1394 1762 1477 1824 fieret

213 1869 252 1930 de
279 1868 480 1950 Kaproncha‚
504 1868 627 1929 solvere
660 1869 772 1946 debet,
804 1882 834 1930 ct
865 1868 981 1929 eodem
1013 1868 1112 1928 modo
1141 1868 1275 1929 domina
1308 1868 1374 1930 lilia
1406 1869 1476 1930 dicti

216 1973 351 2056 Mykech
378 1975 629 2054 quatuordecem
655 1994 777 2036 marcas
801 1975 1006 2035 denariorum
1032 1975 1147 2036 eidem.

321 2082 396 2142 ltem
423 2100 516 2142 causa
542 2081 696 2142 lohannis
715 2081 868 2142 Hermani
894 2095 1003 2142 contra
1029 2080 1230 2163 Mychaelem
1249 2081 1476 2143 Stachunarich

216 2188 255 2249 ad
281 2189 420 2270 primum
445 2188 619 2249 adventum
646 2188 744 2268 ipsius
770 2187 945 2269 Mychaelis
966 2201 1012 2248 est
1037 2202 1217 2270 prorogata.

321 2294 398 2355 ltem
418 2295 531 2376 Mykus
554 2293 638 2355 iilius
657 2295 834 2355 Martinltus
859 2314 960 2375 usque
978 2294 1159 2375 quindenas
1184 2295 1292 2355 Blasio
1318 2295 1426 2355 villico
1442 2293 1478 2354 de

215 2402 286 2464 vico
313 2401 500 2462 Latinorum
526 2401 636 2463 decem
663 2421 784 2462 marcas
809 2401 1015 2462 denariorum
1038 2401 1162 2462 solvere
1187 2401 1293 2463 debet.

322 2507 399 2568 ltem
425 2507 571 2590 Mathyas
595 2507 732 2568 condam
758 2507 878 2586 juratus
910 2521 1019 2568 contra
1052 2507 1233 2568 lohannem
1259 2506 1413 2590 Grachyn
1435 2527 1479 2568 se·

216 2613 323 2674 cundo
353 2614 466 2674 citatus
490 2634 554 2674 non
580 2615 769 2695 comparuit.

325 2718 401 2779 ltem
428 2719 589 2780 lohannes
613 2720 733 2799 juratus
769 2720 853 2781 lilius
885 2720 1060 2803 Mychaelis
1084 2739 1184 2801 usque
1217 2720 1401 2801 quindenas
1432 2721 1480 2781 Jo-

217 2824 314 2885 hanni
340 2825 407 2885 lilio
434 2825 587 2886 llermani
614 2827 771 2906 quosdam
802 2826 974 2887 duodecim
1006 2826 1148 2889 nodulos
1173 2826 1212 2888 de
1238 2827 1327 2888 bizer
1352 2827 1480 2888 reddere

219 2931 326 3009 debet,
351 2931 374 2991 si
401 2951 464 2991 non
489 2933 674 3009 restituerit,
708 2947 782 2993 tunc
806 2932 918 2994 dictus
950 2933 1112 2993 lohannes
1145 2934 1300 2995 Hermani
1326 2954 1424 3015 super
1445 2952 1481 2994 eo

218 3036 345 3117 jurabit,
371 3038 458 3118 quod
484 3038 541 3098 sibi
568 3038 642 3098 dicti
670 3038 781 3099 noduli
803 3059 860 3120 pro
877 3039 1032 3100 tredecim
1057 3039 1171 3100 marcis
1188 3039 1398 3101 denariorum
1416 3037 1479 3099 fue·

219 3156 292 3204 runt
315 3144 459 3224 obligati,
485 3157 515 3204 et
540 3158 601 3204 tres
626 3164 747 3206 marcas
772 3145 867 3207 debet
892 3143 1064 3222 defalcam,
1093 3165 1156 3226 que
1181 3160 1254 3206 sunt
1278 3146 1395 3208 solute.

247 3378 341 3453 lesia
371 3386 476 3454 tercia
506 3385 658 3472 proxima
688 3392 763 3472 post
792 3383 914 3454 leston
943 3383 1151 3454 lnvencionis
1181 3391 1298 3456 sancte
1328 3387 1450 3458 crucis.

771 3549 812 3613 (5.
836 3536 933 3613 maii).

325 3676 402 3738 ltem
428 3676 572 3738 Thomas
597 3691 706 3739 contra
727 3691 907 3739 consortem
935 3676 1083 3758 Gregorii
1109 3676 1164 3738 lilii
1191 3677 1348 3739 lobannis
1373 3693 1484 3742 octavo

219 3783 270 3844 die
296 3782 511 3864 respondebit.

325 3889 402 3950 Item
428 3888 587 3971 Georgius
612 3891 852 3952 molendinator
872 3904 981 3952 contra
1009 3891 1215 3953 Puchkonem
1240 3893 1347 3974 primo
1372 3894 1484 3955 citatus

220 4015 284 4056 non
310 3996 499 4077 comparuit.

325 4101 402 4162 Item
428 4100 537 4184 Gyure
562 4103 703 4163 salivena
728 4116 837 4164 contra
864 4104 1033 4164 Nicolaum
1066 4117 1209 4165 sutorem
1234 4105 1340 4187 primo
1373 4107 1484 4168 citatus

220 4228 285 4270 non
310 4209 500 4289 comparuit.

326 4314 404 4376 ltem
429 4315 557 4376 Markus
582 4331 690 4377 contra
716 4317 949 4399 Margaretham
983 4333 1096 4381 octavo
1122 4321 1173 4382 die
1198 4322 1418 4403 respondebit.

326 4421 402 4482 ltem
428 4440 520 4481 causa
546 4422 654 4483 relicte
680 4423 803 4485 Nicolai
831 4423 888 4485 rufi
921 4441 1030 4487 contra
1059 4440 1240 4488 consortem
1266 4427 1411 4489 Cristlini
1444 4426 1482 4489 ad

221 4538 368 4586 octavum
395 4525 479 4585 diem
506 4526 544 4586 ad
571 4547 680 4608 pacem
706 4543 752 4588 est
777 4544 910 4612 recepta.

327 4631 403 4692 ltem
429 4632 549 4713 Symon
576 4648 684 4695 contra
710 4634 923 4697 Gerardinum
942 4639 1045 4720 primo
1063 4639 1175 4700 citatus
1200 4659 1264 4699 non
1289 4640 1477 4723 comparuit.

327 4737 404 4798 ltem
437 4738 618 4799 Anthonius
650 4739 732 4801 lilius
763 4743 852 4803 Jursa
885 4759 997 4805 octavo
1030 4746 1082 4807 die
1114 4766 1170 4826 per
1202 4746 1419 4827 Dragozlaum
1448 4759 1477 4806 et
