3404 5362
353 346 416 407 240
750 328 837 385 Anno
860 322 953 404 1385.
978 360 1021 370 —
1043 341 1095 404 23.
1111 328 1205 404 junii.

350 552 424 600 runt
447 552 478 599 et
501 558 534 598 se
559 558 576 599 a
602 537 681 600 facie
707 539 784 621 juris
808 531 987 620 et'justicie
1017 539 1236 618 absentarunt,
1262 537 1335 600 ideo
1360 538 1562 601 decrevimus
1582 552 1625 600 ut

351 643 623 727 quandocumque
643 646 673 706 in
697 646 860 708 territorio
877 645 1014 707 civitatis
1030 645 1163 727 reperiri
1180 645 1332 728 poterint,
1347 658 1425 708 tunc
1442 645 1485 708 de
1501 645 1618 708 eisdem

350 764 504 832 tanquam
529 750 568 812 de
594 750 719 814 furibus
743 751 883 813 vindicta
908 765 1119 833 sumpmatur.

457 874 534 937 Item
569 896 662 938 causa
693 876 856 938 Dominici
890 890 999 938 contra
1032 874 1191 938 Kozarich
1221 875 1261 936 ad
1294 887 1446 936 octavum
1472 874 1558 936 diem
1579 863 1698 935 adj

351 1000 463 1064 pacem
489 997 536 1044 est
560 998 697 1065 recepta.

458 1087 537 1150 Item
563 1089 756 1152 Benedictus
782 1088 928 1152 Gallicus
958 1102 1069 1151 contra
1094 1088 1312 1170 Dragozlaum
1336 1086 1482 1149 secundo
1509 1088 1617 1149 citatus
1632 1098 1698 1142 ε

351 1213 416 1254 non
441 1196 633 1277 comparuit.

457 1300 535 1362 Item
560 1301 703 1364 iwchech
727 1301 812 1364 filius
838 1301 1019 1384 Dragchym
1043 1313 1152 1364 contra
1170 1301 1254 1364 iwan
1278 1300 1319 1362 ad
1336 1300 1499 1383 justiciam
1515 1313 1616 1363 nostra
1643 1309 1698 1356 ε

350 1407 382 1467 in
407 1408 571 1488 presencia
597 1427 662 1468 non
686 1409 877 1490 comparuit.

377 1641 473 1715 Faria
502 1653 601 1715 senta
629 1648 782 1733 proxima
810 1658 888 1717 ante
925 1647 1047 1718 festum
1077 1645 1277 1718 Natiuitatis
1306 1645 1395 1716 beati
1421 1643 1585 1734 johannis

904 1770 1068 1859 Baptista.

889 1944 951 2016 (23.
968 1938 1078 2016 sitnia).

457 2095 534 2156 Item
561 2095 669 2157 Bartol
693 2109 803 2158 contra
827 2096 982 2179 Zekyrich
1007 2097 1112 2179 primo
1136 2095 1250 2158 citatus
1270 2115 1335 2157 non
1360 2095 1555 2178 comparuit.

456 2201 534 2262 Item
560 2201 721 2263 Fabianus
751 2222 808 2285 per
833 2203 1011 2285 Symonem
1043 2217 1073 2264 et
1097 2201 1301 2265 Anthonium
1331 2214 1447 2263 octavo
1476 2201 1529 2263 die
1561 2201 1616 2261 hoc
1678 2203 1698 2244 :

350 2308 506 2385 atestabit,
531 2308 807 2389 quemadmodum
826 2308 986 2370 discordia
1008 2309 1089 2371 iuter
1113 2309 1219 2391 ipsum
1238 2307 1347 2370 Bartol
1372 2319 1404 2368 et
1430 2305 1616 2390 Bozoulych
1689 2313 1698 2349 ¹

351 2430 460 2477 exorta
485 2412 591 2477 fuerit.

456 2519 534 2580 Item
560 2519 643 2581 iwan
665 2520 785 2600 juratus
816 2533 926 2582 contra
959 2521 1140 2583 Iohannem
1173 2534 1288 2583 octavo
1312 2518 1365 2581 die
1398 2520 1617 2602 respondebit.

457 2626 534 2686 item
562 2626 657 2706 Elyas
681 2640 792 2688 contra
817 2626 997 2688 Johannem
1020 2628 1125 2709 primo
1145 2627 1259 2689 citatus
1282 2645 1347 2688 nou
1372 2626 1568 2706 comparuit.

456 2750 533 2810 Item
559 2748 681 2830 Symon
707 2748 791 2811 filius
815 2750 1006 2834 Chepernya
1031 2765 1142 2813 contra
1162 2751 1267 2833 Kemp
1291 2749 1396 2833 primo
1414 2748 1533 2811 citatus
1555 2768 1616 2810 non

350 2855 540 2937 comparuit.

455 2961 533 3023 Item
566 2961 669 3023 Lucas
700 2962 845 3045 Agatych
878 2976 987 3025 contra
1019 2961 1205 3045 Chupinam
1239 2960 1381 3023 secundo
1413 2961 1532 3024 citatus
1554 2980 1616 3022 non

349 3068 540 3151 comparuit.

455 3174 533 3236 item
570 3173 730 3256 Georgius
767 3175 950 3259 Blanchych
982 3189 1091 3238 contra
1124 3176 1233 3237 Mathe
1268 3174 1373 3258 primo
1405 3174 1523 3237 citatus
1553 3192 1615 3235 non

349 3281 539 3362 comparuit.

456 3386 534 3447 Item
567 3388 713 3450 Andreas
737 3389 859 3450 Wekni
891 3403 1000 3451 contra
1037 3388 1237 3471 Stephanum
1268 3388 1374 3472 primo
1406 3388 1526 3450 citatus
1553 3406 1616 3449 non

349 3494 539 3575 comparuit.

455 3599 532 3660 Item
552 3598 729 3681 Gregorius
745 3600 830 3663 filius
855 3601 958 3663 Tadei
984 3614 1094 3662 contra
1119 3600 1236 3662 Katam
1252 3599 1395 3662 secundo
1419 3602 1537 3666 citatus
1552 3620 1615 3664 non

349 3705 538 3787 comparuit.

454 3811 531 3873 item
558 3812 680 3894 Syrnon
705 3814 846 3875 salivena
871 3826 981 3875 contra
1006 3812 1158 3896 Loytrich
1181 3813 1287 3896 primo
1303 3811 1417 3874 citatus
1435 3831 1502 3874 non
1531 3831 1616 3875 com·

348 3916 463 3998 paruit.

453 4022 531 4084 Item
548 4037 642 4085 testes
659 4023 776 4087 hvanie
793 4045 921 4088 causam
939 4025 980 4087 ad
996 4025 1270 4087 deliberacionem
1291 4024 1331 4086 ad
1356 4038 1515 4087 octavum
1531 4025 1616 4088 diem

348 4128 389 4190 ad
413 4149 524 4210 pacem
550 4145 750 4213 receperunt.

454 4235 533 4298 Item
558 4237 671 4297 eadem
695 4236 826 4299 domina
852 4237 957 4299 Iwana
976 4237 1083 4299 Mathe
1106 4237 1345 4299 tabernatorem
1360 4237 1534 4301 cuiusdam
1551 4236 1616 4300 vini

348 4356 462 4404 octavo
487 4343 538 4405 die
563 4357 673 4405 contra
698 4344 862 4405 Thomam
886 4358 1023 4405 statuere
1049 4343 1155 4405 debet.

454 4449 533 4511 Item
550 4470 643 4512 causa
661 4450 793 4512 domine
818 4450 895 4512 Ewe
913 4464 1022 4512 contra
1046 4448 1199 4512 Cosmam
1218 4447 1416 4511 aurifabrum
1440 4462 1473 4512 et
1488 4468 1615 4512 socrum

348 4576 438 4619 suam
463 4557 503 4618 ad
528 4570 677 4618 octavum
703 4557 789 4618 diem
814 4556 854 4618 ad
879 4575 989 4639 pacem
1014 4570 1060 4617 est
1084 4569 1221 4637 recepta.

453 4681 531 4743 Item
556 4702 650 4743 causa
683 4681 765 4742 iwan
799 4680 893 4762 jurati
927 4693 1035 4742 contra
1067 4679 1250 4742 Dionisium
1280 4678 1320 4741 ad
1352 4691 1505 4742 octavum
1531 4680 1616 4742 diem

349 4786 388 4847 ad
413 4807 524 4869 pacem
550 4802 596 4848 est
619 4802 756 4869 recepta.
