3404 5362
598 332 683 389 Anno
706 326 799 408 1384.
825 364 865 373 -
889 345 938 395 21.
962 332 1091 393 octobris.
1419 350 1477 392 221

211 541 450 624 quinquaginta
468 540 617 604 homines
633 540 721 602 illius
738 540 941 603 condicionis
965 542 1056 604 cuius
1072 556 1119 604 est
1136 543 1203 625 ipse
1220 554 1359 604 statuere
1377 541 1482 620 debet,

212 662 244 711 et
268 667 345 710 cum
368 648 498 729 triginta
524 648 631 709 minus
655 647 783 708 duobus
807 667 959 730 supereo
983 647 1099 729 jurare,
1123 647 1211 730 quod
1237 649 1303 731 ipse
1328 648 1361 709 in
1386 647 1483 710 inter·

214 755 360 818 leccione
386 754 444 818 Orl
469 753 573 816 lratris
597 754 646 816 sui
671 753 826 816 innocens
849 754 890 816 sit
914 773 963 833 eo,
992 753 1081 837 quod
1106 754 1278 817 adversarii
1302 753 1351 816 sui
1375 754 1480 836 ipsum

213 862 393 943 Georgium
410 860 499 944 prius
519 860 559 922 ad
576 859 736 941 justiciam
753 860 985 940 proclamatum
1005 860 1100 922 luisse
1118 876 1149 923 et
1163 861 1294 924 tandem
1319 862 1360 924 ad
1378 861 1480 944 ipsam

214 966 374 1049 justiciam
399 986 464 1029 non
489 967 624 1046 venisse,
649 966 841 1029 asserebant.

321 1074 399 1136 ltem
435 1093 565 1152 causam
601 1073 756 1135 iohannis
791 1071 872 1134 labri
909 1073 1032 1155 antiqui
1073 1072 1194 1154 judices
1225 1074 1267 1137 ita
1299 1073 1481 1155 judicarunt

212 1193 343 1263 propter
375 1182 471 1242 verba
503 1179 638 1258 Valesa,
672 1177 761 1260 quod
793 1179 880 1240 idem
913 1179 1076 1240 Johannes
1108 1179 1235 1242 nullum
1266 1179 1481 1261 juramentum

214 1286 311 1349 debet
335 1286 462 1349 habere.

386 1485 483 1561 Feria
509 1495 609 1561 sexta
636 1490 791 1580 proxima
821 1496 899 1562 ante
927 1488 1049 1561 festum
1077 1492 1187 1561 sancti
1217 1488 1316 1561 Galli.

725 1642 789 1720 (14.
820 1642 963 1719 octobris).

320 1781 398 1844 ltem
422 1781 542 1843 Paulus
565 1781 668 1864 pictor
699 1794 809 1843 contra
842 1782 972 1844 Petrum
1004 1782 1204 1845 sacerdotem
1228 1781 1333 1866 primo
1365 1783 1479 1846 citatus

215 1909 277 1952 non
303 1889 493 1971 comparuit.

317 1994 395 2057 ltem
420 1994 528 2056 Endre
546 1995 613 2078 Syb
637 2007 747 2057 contra
765 1994 894 2056 Petrum
922 1994 1135 2077 gladiatorem
1159 1995 1265 2078 primo
1282 1995 1396 2058 citatus
1414 2015 1480 2058 non

216 2101 404 2185 comparuit.

320 2208 398 2270 ltem
420 2208 583 2272 Johannes
608 2209 777 2293 Praudych
801 2221 910 2272 contra
936 2207 1130 2291 Gregorium
1156 2208 1261 2292 primo
1285 2207 1399 2270 citatus
1416 2227 1481 2270 non

217 2314 404 2398 comparuit.

320 2420 397 2482 ltem
423 2421 511 2503 quod
536 2423 612 2504 quia
637 2422 794 2485 Martinus
818 2422 1005 2484 Karintinus
1035 2422 1137 2482 dictus
1160 2421 1287 2504 Bosych
1318 2422 1423 2504 primo
1448 2421 1480 2483 in

218 2527 358 2606 quodam
383 2526 546 2589 lurticinio
570 2542 616 2590 est
640 2542 793 2611 repertus,
819 2529 892 2590 ideo
913 2528 1055 2589 auricule
1080 2527 1149 2589 eius
1165 2530 1258 2589 ambe
1282 2543 1356 2591 sunt
1379 2528 1478 2590 incise

218 2633 309 2696 etde
334 2633 461 2696 civitate
485 2635 619 2716 turpiter
642 2649 689 2697 est
721 2633 872 2717 expulsus
897 2635 950 2712 ita,
983 2633 1071 2715 quod
1095 2632 1136 2695 de
1160 2649 1266 2696 cetero
1292 2633 1324 2695 in
1349 2634 1476 2697 civitate

217 2738 263 2799 vel
287 2739 356 2800 eius
379 2740 541 2802 territorio
565 2754 709 2823 repertus
733 2737 838 2819 luerit,
862 2753 937 2802 tunc
962 2740 1113 2822 suspendi
1138 2739 1264 2803 debeat.

317 2845 395 2907 ltem
433 2847 599 2908 Emerieus
635 2866 769 2929 arcupar
797 2861 911 2909 octavo
948 2847 1000 2908 die
1038 2847 1196 2928 quosdam
1230 2848 1312 2910 duos
1342 2846 1483 2910 famulos

218 2965 323 3012 contra
349 2951 462 3014 Raden
486 2966 624 3015 statuere
649 2953 754 3015 debet.

320 3056 397 3119 ltem
432 3078 524 3120 causa
558 3058 687 3121 Thome
720 3074 751 3121 et
782 3059 866 3121 lwan
899 3073 1008 3121 contra
1041 3058 1245 3141 Gregorium,
1278 3060 1477 3143 Stephanum

218 3161 382 3247 Chaplych
399 3179 431 3226 et
447 3163 618 3248 Ceucth(lr)
637 3165 738 3228 lilium
757 3166 878 3228 Pechec
903 3166 942 3227 ad
960 3181 1109 3229 octavum
1133 3166 1219 3228 diem
1237 3166 1277 3229 ad
1294 3187 1406 3250 pacem
1432 3181 1482 3230 est

218 3284 351 3353 recepta.

318 3378 397 3440 ltem
422 3399 515 3440 causa
540 3378 653 3441 lamuli
678 3379 807 3441 Thome
832 3377 889 3440 filii
915 3377 1055 3441 Ladislai
1080 3378 1120 3440 ad
1145 3393 1295 3441 octavum
1319 3378 1407 3441 diem
1433 3391 1481 3441 est

219 3498 397 3566 prorogata.

354 3684 451 3759 Feria
480 3696 578 3759 sexta
606 3695 683 3777 post
711 3686 835 3759 festum
860 3689 970 3758 sancti
997 3687 1082 3760 Luce
1111 3688 1334 3777 ewangeliste.

743 3842 803 3916 (21.
825 3839 965 3907 octobris).

317 3978 396 4040 ltem
414 3998 542 4041 causam
564 3979 719 4042 Anthonii
735 3978 793 4042 lilii
817 3979 916 4041 Renis
932 3993 1027 4041 testes
1044 3993 1152 4042 contra
1169 3980 1335 4063 Fernycha
1360 3983 1401 4043 ad
1419 4002 1474 4045 oc·

217 4095 322 4147 tavum
348 4085 434 4147 diem
459 4086 499 4147 ad
524 4086 795 4149 deliberacionem
820 4100 1018 4169 receperunt.

319 4192 398 4254 ltem
423 4193 570 4275 Mathyas
594 4193 732 4255 condam
757 4192 878 4274 juratus
901 4207 1012 4256 contra
1037 4193 1217 4255 Johannem
1242 4193 1346 4276 primo
1365 4195 1480 4258 citatus

217 4316 278 4360 non
306 4299 495 4379 comparuit.

320 4407 399 4469 ltem
431 4406 594 4468 Johannes
624 4406 709 4468 lilius
741 4406 895 4468 Hermani
928 4420 1037 4468 contra
1072 4406 1199 4489 Hampa
1230 4407 1335 4489 primo
1367 4408 1480 4471 citatus

218 4529 279 4574 non
303 4512 493 4595 comparuit.

319 4619 399 4681 ltem
423 4619 589 4681 Emericus
612 4638 745 4701 arcupar
768 4639 824 4701 per
849 4619 1035 4680 Ladislaum
1058 4619 1141 4680 tular
1165 4634 1196 4682 et
1218 4619 1367 4683 dominas
1404 4640 1479 4683 con·

216 4738 331 4786 sortem
357 4724 514 4786 Anthonii
538 4724 632 4806 jurati
649 4739 680 4787 et
704 4726 869 4787 dominam
888 4726 1018 4787 Nestam
1044 4725 1105 4788 hoc
1122 4727 1280 4806 attestabit,
1305 4728 1395 4810 quod
1412 4747 1477 4789 non

218 4825 326 4892 famuli
352 4831 412 4910 sui,
436 4830 492 4892 sed
517 4831 652 4913 ipsemet
675 4848 857 4894 consortem
881 4851 971 4893 suam
996 4834 1203 4897 verberasset.
