3404 5362
217 343 276 423 184
616 337 817 417 Anno1382.
843 373 884 383 —
908 352 960 415 29.
975 337 1062 418 julii.

213 448 478 458 ----.
736 444 1466 452 --------ι

283 577 381 652 Ferla
408 581 516 651 tercirr
544 580 699 667 proxima
727 586 804 667 post
831 577 957 649 festum
985 578 1076 648 beati
1103 577 1223 666 Jacobi
1253 578 1408 665 apostoli.

760 731 825 807 (29.
834 732 930 808 julii).

319 873 398 935 Item
423 873 542 934 Paulus
565 872 668 934 dictus
692 871 811 933 Pulech
837 890 872 932 ac
900 872 1016 954 Mykus
1040 884 1150 932 contra
1181 871 1339 932 iacobum
1364 869 1473 932 ‘I'aslar

212 980 318 1063 primo
342 979 428 1041 citati
453 998 519 1040 non
543 991 802 1060 comparuerunt.

318 1086 396 1147 Item
422 1083 565 1146 Iwchech
597 1084 816 1165 carpentarius
846 1097 958 1145 contra
982 1083 1162 1145 Iohannem
1192 1080 1350 1164 vigil(em)
1375 1082 1476 1164 prImo

213 1194 327 1255 citatus
350 1212 416 1254 non
441 1191 630 1273 comparuit.

320 1298 400 1360 Item
425 1297 522 1380 Elyas
545 1296 630 1358 filius
654 1294 785 1378 Mathey
816 1308 927 1357 contra
958 1294 1124 1356 dominam
1149 1291 1344 1375 Marchycha
1376 1293 1478 1376 primo

215 1406 330 1467 citatus
354 1423 419 1466 non
444 1403 634 1485 comparuit.

322 1510 401 1571 Item
427 1510 538 1570 Petrus
562 1507 647 1569 filius
663 1507 755 1569 Pauli
773 1520 883 1569 contra
906 1506 1073 1568 dominam
1098 1506 1180 1567 Kata
1203 1518 1353 1567 vocatam
1376 1506 1479 1587 primo

215 1614 328 1677 citatus
353 1634 418 1677 non
442 1614 632 1696 comparuit.

321 1721 400 1782 Item
425 1720 558 1781 domina
581 1719 706 1799 Dragos
734 1731 845 1780 contra
876 1719 1042 1780 dominam
1067 1717 1173 1779 lwana
1204 1729 1353 1778 vocatam
1377 1717 1479 1799 primo

218 1829 312 1890 citata
335 1847 402 1889 non
433 1826 624 1908 comparuit.

321 1934 400 1996 Item
425 1933 582 1994 Martinus
605 1931 709 1993 dictus
732 1931 846 2013 Reauy
870 1944 980 1992 contra
1002 1929 1164 1992 Thomam
1189 1928 1294 1991 filium
1327 1929 1480 1991 Iohannis

215 2040 293 2103 dieti
319 2039 454 2101 Kouach
478 2039 583 2121 primo
610 2037 723 2100 citatus
747 2057 812 2099 non
835 2037 1025 2119 comparuit.

322 2146 401 2207 Item
426 2164 521 2207 causa
546 2143 714 2206 Laurencii
731 2143 823 2224 jurati
840 2163 877 2205 ac
900 2143 1030 2205 Martini
1048 2142 1105 2204 filii
1122 2142 1290 2226 Zekyrych
1305 2163 1364 2226 per
1382 2142 1481 2206 Geor·

213 2251 304 2333 gium
328 2265 482 2312 sartorem
507 2269 543 2311 ac
559 2250 734 2312 Martinum
752 2249 944 2330 Hungarum
970 2248 1009 2310 ad
1026 2261 1176 2310 octavum
1200 2247 1287 2309 diem
1312 2248 1354 2310 ad
1371 2267 1483 2331 pacem

215 2371 263 2420 eat
287 2371 425 2440 recepta.

322 2463 400 2525 Item
419 2462 617 2524 Laurenciua
641 2461 762 2541 juratus
778 2474 889 2523 contra
909 2461 1040 2522 Petrum
1062 2473 1176 2522 octavo
1192 2459 1245 2521 die
1261 2460 1488 2542 respondebit.

320 2568 398 2629 Item
408 2568 545 2650 Mykech
556 2567 715 2650 Magdych
725 2581 836 2629 contra
844 2566 956 2629 Morch
970 2567 1075 2648 primo
1084 2567 1198 2629 citatus
1207 2585 1272 2628 non
1290 2569 1491 2649 comparuit.

320 2674 400 2735 Item
424 2674 557 2735 domina
582 2673 697 2754 Draga.

320 2780 400 2842 Item
437 2779 556 2841 Paulus
591 2792 700 2840 contra
736 2779 906 2842 dominum
941 2780 1113 2842 Nicolaum
1148 2778 1342 2842 canonicum
1375 2801 1493 2864 zagrc0

214 2886 358 2948 biensem
384 2886 488 2967 primo
513 2886 626 2947 citatus
651 2904 715 2946 non
740 2886 929 2968 comparuit.

320 2992 398 3053 Item
425 2989 553 3053 Gerdak
577 3005 688 3052 contra
713 2992 847 3074 Myklyn
871 3005 986 3053 octavo
1010 2991 1063 3052 die
1086 2991 1303 3072 respondebit.

317 3097 396 3159 Item
422 3097 573 3159 Marenus
604 3098 821 3180 carpentarius
852 3112 962 3161 contra
995 3098 1194 3160 Demetrium
1228 3097 1334 3181 primo
1368 3099 1489 3162 citatus

214 3222 281 3264 non
306 3204 497 3285 comparuit.

320 3307 399 3369 Item
425 3308 562 3370 Mathias
585 3309 689 3371 dictus
706 3309 877 3390 Hlebopek
894 3322 1005 3371 contra
1030 3307 1208 3390 Georgium
1232 3307 1336 3370 filium
1362 3309 1488 3393 Sydow

215 3414 321 3496 primo
345 3414 461 3476 citatus
483 3434 548 3477 non
576 3416 766 3498 comparuit.

319 3519 399 3581 Item
427 3519 563 3582 Cosmas
596 3519 755 3583 aurifaber
786 3535 895 3582 contra
928 3521 1122 3603 Gregorium
1154 3521 1294 3605 juratum
1323 3541 1382 3604 per
1406 3521 1489 3585 Gre-

213 3626 340 3706 gorium
365 3625 467 3687 lilium
493 3626 600 3707 Egidii
617 3626 814 3708 recipiendo,
831 3640 903 3710 post
919 3628 1095 3689 adventum
1111 3627 1188 3690 dicti
1207 3625 1358 3710 Gregorii
1377 3629 1485 3711 prImo

215 3728 336 3812 judicio
361 3750 547 3813 comparere
571 3732 676 3795 debet.

321 3836 400 3898 Item
426 3836 600 3917 Gregorius
624 3838 746 3918 juratus
768 3858 805 3901 ac
824 3839 920 3921 Vydo
945 3839 976 3899 in
1001 3841 1066 3901 suis
1091 3840 1194 3902 causis
1209 3840 1270 3922 ipsi
1296 3839 1336 3902 ad
1363 3840 1484 3903 adven·

213 3955 283 4003 tum
308 3942 453 4004 eiusdem
478 3942 626 4025 Gregorii
653 3945 683 4005 in
708 3945 814 4027 primo
837 3944 958 4026 judicio
983 3966 1168 4028 comparere
1192 3946 1321 4009 debent.

322 4048 400 4110 Item
436 4049 573 4111 Mathias
604 4050 776 4132 Hlebopelr
808 4066 917 4113 contra
949 4053 1121 4115 Nicolaum
1152 4052 1274 4115 dictum
1311 4053 1485 4136 Hlebopek

211 4153 318 4235 primo
342 4154 455 4216 citatus
478 4175 544 4217 non
568 4156 757 4237 comparuit.

320 4259 398 4322 ltem
423 4260 616 4324 Valentinus
639 4276 750 4324 contra
766 4264 940 4346 Matheyko
965 4265 1067 4328 decan
1091 4279 1163 4348 post
1187 4266 1363 4328 adventum
1388 4287 1484 4329 suurn

214 4363 248 4425 in
271 4366 377 4447 primo
403 4365 522 4446 judicio
547 4369 741 4451 respondere
766 4369 871 4433 debet.

319 4472 398 4534 Item
424 4471 600 4554 Gregorius
623 4473 708 4536 filius
732 4474 974 4559 Chudauchych
1000 4493 1110 4541 contra
1135 4479 1346 4542 Salomonem
1371 4492 1402 4541 et
1425 4480 1485 4541 Pa·

216 4595 301 4659 uyna
325 4577 431 4660 primo
459 4579 573 4641 citatus
596 4600 662 4641 non
686 4584 875 4664 comparuit.

323 4683 400 4745 Item
426 4684 583 4746 Martinus
606 4705 663 4767 per
686 4699 783 4748 testes
799 4686 955 4769 efficaces,
979 4690 1129 4752 videlicet
1145 4709 1203 4771 per
1226 4706 1408 4755 consortem
1427 4694 1483 4755 Ni·

213 4788 295 4849 colai
320 4788 377 4850 lilii
402 4789 518 4869 Angeli
543 4810 579 4852 ac
604 4806 784 4854 consortem
803 4794 932 4856 Martini
957 4795 1114 4858 carnificis
1130 4796 1191 4858 hoc
1217 4797 1376 4878 ateatabit,
1394 4798 1483 4879 quod
