3404 5362
460 100 661 182 Ann01387.
687 139 727 148 -
752 103 782 166 ό.
806 107 983 181 septembris.

192 311 275 374 Item
300 312 482 395 Stephanus
506 313 663 397 ChapIich
689 328 803 377 octavo
826 316 877 377 die
902 316 1044 379 secundo
1068 337 1100 378 se
1125 337 1284 401 supereo
1308 319 1357 401 ju·

40 418 177 497 rabit,
203 417 295 499 quod
319 419 387 500 ipse
413 418 607 501 Gregorium
632 419 735 483 filiurn
759 423 877 505 Angeli
901 441 967 485 non
991 423 1210 506 vituperasset.

191 524 275 587 Item
306 525 393 586 idem
419 525 600 608 Stephanus
624 547 720 610 super
750 547 789 591 eo
810 528 944 609 jurabit,
977 529 1065 610 quod
1099 531 1166 612 ipse
1191 531 1356 612 quoddam

35 631 214 714 signum
241 631 316 693 dicti
344 631 493 714 Gregorii
518 652 583 695 non
609 631 764 716 fregisset,
789 655 895 716 neque
919 636 968 697 sui
993 635 1151 700 homines.

191 737 272 799 Item
300 736 482 821 Stephanus
506 753 621 801 octavo
656 740 707 801 die
740 761 797 823 per
822 740 954 803 Gallum
986 743 1162 824 portarium
1188 758 1218 806 et
1242 743 1357 828 Ivyceh

35 844 323 926 carpentarium
347 844 409 906 hoc
434 846 583 908 atestabit
607 847 695 928 quod
724 846 870 909 Thomas
894 848 1074 910 voluntarie
1098 850 1236 932 pallium
1260 870 1355 913 suum

36 951 192 1012 eidem
225 951 423 1014 contulisset.

193 1055 274 1118 Item
307 1054 448 1119 famulus
472 1056 599 1119 Mikech
632 1057 782 1140 Magdich
810 1073 924 1121 octavo
956 1060 1008 1122 die
1039 1081 1134 1144 super
1158 1082 1196 1123 eo
1229 1062 1356 1144 jurabit,

39 1163 173 1245 quod
200 1163 268 1245 ipse
293 1163 474 1226 Iohannem
499 1184 565 1225 non
589 1164 767 1246 spoliasset,
791 1165 847 1227 sed
865 1186 960 1249 super
981 1187 1014 1228 se
1038 1167 1069 1228 in
1093 1187 1148 1229 sua
1167 1166 1355 1230 defensione

40 1270 254 1352 quoddam
279 1271 450 1333 biccellum
476 1272 656 1354 recepisset.

190 1376 271 1438 Item
296 1376 450 1439 Clemens
473 1392 587 1439 octavo
605 1377 657 1439 die
682 1377 838 1459 vigesImo
859 1379 973 1459 quinto
998 1399 1030 1440 se
1055 1380 1241 1442 hominibus
1256 1400 1352 1463 super

41 1504 109 1546 eo
142 1483 278 1565 jurabit,
303 1484 392 1565 quod
419 1484 485 1566 ipse
511 1484 710 1566 Stephanum
742 1483 844 1546 filiurn
869 1485 1025 1547 Iohannis
1056 1506 1120 1547 non
1147 1486 1356 1550 interfecisset

45 1609 191 1673 neque
217 1589 303 1650 idem
328 1610 365 1652 ea
390 1609 449 1652 suo
474 1590 626 1652 mandato
650 1589 835 1653 interfectus
859 1590 979 1654 fuisset.

191 1696 270 1759 Item
298 1697 416 1759 Paulus
441 1696 526 1759 filius
543 1697 697 1780 Stephani
722 1697 825 1761 dictus
850 1698 974 1760 Trotka
991 1698 1186 1761 duodecimo
1210 1721 1242 1761 se
1268 1701 1354 1763 iuxta

48 1818 227 1867 nostram
251 1803 453 1884 judiciariam
477 1803 740 1866 commissionem
763 1823 858 1885 super
883 1823 921 1866 eo
939 1803 1065 1885 juravit,
1089 1805 1177 1886 quod
1203 1806 1269 1887 ipse
1287 1811 1354 1868 An-

49 1910 234 1972 thonium
259 1920 404 1970 nostrum
429 1908 636 1991 jobagIonem
662 1929 728 1971 non
745 1910 922 1992 spoliasset,
947 1930 1052 1991 neque
1078 1911 1189 1973 villam
1212 1925 1352 1974 nostram

54 2015 288 2079 incendisset.

102 2253 208 2327 Feria
236 2260 336 2325 sexta
365 2256 520 2342 proxima
558 2261 635 2326 ante
667 2255 790 2326 festum
819 2255 1018 2328 Nativitatis
1047 2255 1144 2328 beate
1172 2258 1326 2346 virginis.

588 2402 632 2480 (ό.
663 2407 848 2481 septembrii).

192 2548 271 2608 Item
300 2546 389 2628 quod
414 2547 489 2628 quia
514 2545 666 2609 Clemens
687 2546 771 2609 filius
795 2548 960 2610 Benedicti
985 2549 1024 2610 de
1048 2551 1139 2611 Nova
1165 2549 1241 2611 villa
1265 2550 1351 2632 vige·

64 2654 164 2716 sImo
191 2653 307 2734 quinto
332 2673 365 2714 se
390 2653 555 2715 nobilibus
579 2652 665 2734 juxta
697 2667 837 2715 nostram
862 2654 1063 2733 judiciariam
1088 2655 1350 2718 commissionem

60 2774 176 2844 super
203 2779 253 2837 eo,
279 2759 368 2840 quod
393 2759 460 2842 ipse
494 2758 692 2841 Stephanum
718 2758 821 2821 filium
851 2760 1007 2822 Iohannis
1039 2781 1105 2822 non
1130 2760 1351 2841 interfecisset,

59 2880 187 2949 neque
211 2866 299 2927 idem
325 2886 362 2928 ex
380 2885 437 2929 sua
461 2866 689 2928 commissione
707 2865 891 2928 interfectus
912 2868 1065 2930 extitisset
1081 2887 1176 2930 suum
1202 2868 1353 2950 deposuit

53 2965 299 3045 iuramentum
324 2985 358 3035 ut
389 2973 545 3052 debebat,
578 2973 653 3035 ideo
685 2974 790 3055 ipsum
824 2973 1028 3035 Clementem
1060 2993 1155 3056 super
1188 2975 1351 3056 premissis

54 3080 249 3144 reddimus
273 3079 470 3162 expeditum.

191 3186 271 3247 Item
289 3185 457 3269 Philippus
479 3184 564 3247 filius
588 3185 706 3247 medici
731 3198 842 3247 contra
873 3185 1016 3247 relictam
1042 3186 1153 3248 Jacobi
1178 3188 1283 3271 primo
1309 3188 1351 3250 ci·

49 3302 166 3359 tatus
190 3312 257 3354 non
282 3292 474 3374 comparuit.

189 3398 267 3460 Item
303 3399 416 3460 Simon
455 3412 564 3460 contra
599 3398 801 3460 Anthonium
832 3412 986 3480 tanquam
1019 3412 1206 3481 procurator
1241 3397 1350 3460 relicte

39 3499 259 3592 Mychaelis
282 3504 425 3568 secundo
450 3506 564 3567 citatus
594 3524 660 3566 non
684 3504 874 3587 comparuit.

187 3611 265 3674 Item
292 3611 429 3673 Michael
455 3610 684 3673 Stachunarich
720 3625 829 3672 contra
854 3610 1047 3693 Gregorium
1073 3609 1270 3672 aurifabrum
1302 3630 1350 3672 se·

28 3718 189 3781 eundo
214 3719 327 3781 citatus
351 3737 416 3779 non
441 3718 631 3800 comparuit.

188 3823 265 3886 Item
302 3823 430 3886 Mikech
462 3823 701 3885 molendinator
736 3836 846 3885 contra
878 3823 1048 3884 dominum
1081 3822 1210 3884 Petrum
1243 3840 1347 3883 sacer·

21 3925 192 3993 dotem
216 3929 322 4013 primo
347 3930 461 3992 citatus
485 3949 549 3991 non
579 3929 769 4011 comparuit.

187 4036 267 4099 Item
290 4036 410 4118 Iglicha
435 4049 544 4098 contra
569 4036 643 4097 Ivan
668 4050 810 4097 sutorem
835 4048 950 4097 octavo
975 4033 1027 4095 die
1051 4032 1269 4114 respondebit.

188 4143 267 4206 Item
294 4142 455 4224 Georgius
486 4142 726 4204 molendInator
759 4155 868 4203 contra
901 4141 975 4203 Ivan
1001 4140 1173 4222 Hlebopelr
1205 4138 1348 4201 secundo

26 4246 195 4311 citatus
228 4268 293 4311 non
318 4248 509 4332 comparuit.

187 4355 266 4417 Item
291 4355 399 4417 relicta
434 4354 587 4437 Stephani
620 4368 730 4417 contra
762 4353 924 4415 Andream
958 4351 1084 4414 fabrum
1118 4351 1222 4434 primo
1254 4351 1347 4413 citata

45 4466 149 4519 non
173 4461 361 4544 comparuit.

188 4567 265 4629 Item
290 4567 394 4650 Cigan
418 4581 528 4630 contra
554 4567 754 4629 Radozlaum
773 4567 915 4629 secundo
932 4567 1046 4628 citatus
1064 4585 1129 4627 non
1153 4565 1347 4687 comparuit.
