3404 5362
512 339 709 414 Ann01577.
736 371 776 380 -
801 352 852 415 24.
876 338 1045 400 novembris.
1352 359 1411 420 107

250 551 329 612 Item
355 550 536 633 Stephanus
553 550 652 612 Pazar
676 564 786 612 contra
812 550 970 611 Marinum
987 565 1102 612 octavo
1127 551 1178 612 die
1195 571 1227 611 se
1252 549 1412 612 secundus

142 656 261 739 jurabit
284 657 316 719 in
342 677 392 735 eo,
416 671 451 719 ut
475 658 542 739 ipse
567 657 669 739 ipsam
694 676 759 718 non
780 657 1010 739 vituperaverit
1033 676 1092 719 nec
1108 676 1200 719 suam
1224 655 1324 718 filiam
1340 676 1411 739 per-

144 777 250 825 cutere
274 783 340 825 non
365 764 593 846 procuraverit.

250 870 327 933 ltem
353 870 440 932 Elias
471 890 588 951 parvus
620 883 731 932 contra
766 871 839 931 Moz
871 884 943 952 post
974 890 1068 931 suum
1100 869 1274 932 adventum
1305 870 1411 952 primo

142 977 264 1058 judicio
288 976 506 1060 respondebit.

249 1086 326 1147 ltem
353 1085 510 1147 Martinus
533 1084 706 1165 Zequirich
735 1084 872 1146 Nicolao
905 1084 1043 1146 condam
1076 1083 1173 1164 judici
1198 1097 1328 1166 propter
1352 1103 1409 1144 sua

142 1192 300 1274 vituperia
319 1205 458 1272 quatuor
475 1211 598 1253 marcas
615 1191 757 1252 exsolvet
782 1204 813 1252 et
830 1190 926 1271 judici
945 1190 1025 1251 duas
1042 1210 1163 1251 marcas
1179 1190 1211 1251 in
1228 1189 1411 1272 quindenis.

248 1299 324 1360 ltem
339 1297 492 1360 Nicolaus
516 1295 654 1359 condam
679 1297 773 1378 iudex
798 1310 913 1359 octavo
938 1296 990 1358 die
1014 1316 1070 1378 per
1099 1316 1233 1358 uxorem
1250 1294 1409 1358 Wrouich

142 1419 170 1466 et
203 1424 336 1467 uxorem
370 1404 509 1466 Emerici
541 1404 688 1466 atestabit
718 1424 813 1486 super
846 1423 896 1482 eo,
933 1403 1021 1484 quod
1049 1404 1206 1465 Martinus
1239 1401 1409 1484 Zequirich

143 1513 247 1573 verbis
270 1512 420 1592 turpibus
443 1531 534 1572 suam
556 1531 690 1572 uxorem
715 1511 880 1574 affecisset.

247 1618 325 1679 ltem
349 1637 443 1679 causa
468 1617 602 1695 Mareni,
628 1618 712 1678 lwan
737 1629 767 1677 et
792 1617 916 1679 Nicolai
935 1630 981 1677 est
1004 1636 1061 1700 per
1078 1615 1273 1697 Gregorium
1290 1615 1409 1698 Angeli

142 1738 171 1787 et
194 1725 332 1786 alterum
358 1723 553 1805 Gregorium
577 1722 616 1785 ad
642 1739 716 1786 octo
741 1723 809 1785 dies
834 1737 961 1806 recepta
986 1723 1026 1784 ad
1050 1743 1173 1806 pacem.

247 1850 325 1912 ltem
357 1849 550 1911 Benedictus
587 1847 672 1910 filius
705 1848 853 1930 Gregorii
890 1847 1052 1931 predictus
1084 1860 1195 1910 contra
1228 1846 1408 1908 Johannem

143 1957 333 2020 familiarem
358 1957 482 2019 domini
509 1956 740 2039 archiepiscopi
774 1955 1002 2037 strigoniensis
1026 1974 1120 2016 suum
1155 1967 1188 2015 ut
1211 1954 1323 2016 debuit
1346 1954 1409 2016 sol·

142 2063 312 2149 lempniter
335 2064 486 2146 deposuit
508 2063 736 2145 juramentum.

246 2173 325 2234 ltem
351 2170 531 2253 Stephanus
556 2168 644 2233 faber
668 2184 778 2232 contra
809 2169 995 2231 ladislaum
1027 2169 1166 2251 juratum
1191 2167 1334 2231 secundo
1366 2167 1409 2229 ci·

143 2294 225 2343 tatus
250 2299 315 2341 non
340 2278 531 2360 comparuit.

245 2402 347 2465 Nota!
373 2403 461 2484 quod
486 2403 642 2465 Martinus
659 2402 876 2484 carpentarius
893 2415 999 2464 noster
1016 2401 1158 2463 concivis
1183 2421 1200 2462 a
1226 2401 1408 2462 communi·

143 2524 202 2572 tate
228 2510 340 2573 habuit
372 2509 584 2591 quadraginta
617 2528 738 2570 marcas
769 2508 976 2570 denariorum
1010 2508 1041 2569 in
1069 2507 1153 2569 hunc
1178 2506 1286 2586 finem,
1319 2507 1408 2588 quod

144 2617 206 2699 ipse
230 2617 364 2679 fluvium
383 2615 623 2678 Manduseuech
642 2635 786 2698 reparare
804 2629 834 2677 et
851 2617 933 2677 bene
951 2614 1076 2677 firmare
1100 2613 1206 2693 debet,
1222 2614 1262 2675 ad
1279 2632 1409 2697 presens

144 2745 173 2786 se
196 2723 329 2786 firmiter
353 2724 501 2805 obligans
525 2725 584 2784 sub
609 2721 811 2804 obligatione
835 2723 982 2783 omnium
1016 2723 1176 2783 bonorum
1202 2739 1348 2801 suorum,
1374 2734 1408 2782 ut

145 2831 336 2912 ubicumque
351 2830 438 2892 idem
448 2831 565 2892 fluvius
575 2843 777 2912 rumperetur
788 2828 869 2891 infra
878 2830 1020 2913 spacium
1037 2829 1065 2890 X
1080 2848 1239 2890 annorum
1249 2847 1407 2911 reparare.

166 3066 262 3141 Feria
290 3071 398 3141 tercia
425 3070 581 3158 proxima
609 3076 686 3139 ante
714 3067 837 3139 festum
866 3069 960 3140 beate
990 3069 1172 3140 llatberine
1199 3069 1344 3156 virginis
1374 3073 1408 3137 et

693 3194 859 3266 martiris.

636 3366 701 3443 (24.
724 3366 906 3434 novembris).

196 3525 199 3530 ’
244 3525 322 3586 ltem
347 3544 442 3586 causa
467 3524 609 3605 magistri
635 3524 760 3586 Nicolai
794 3525 909 3586 medici
935 3539 965 3586 et
989 3525 1059 3587 Elie
1092 3524 1244 3587 aurifabri
1270 3538 1317 3586 est
1350 3544 1406 3607 pet

146 3643 232 3694 testes
256 3629 296 3692 ad
320 3644 393 3693 octo
418 3629 487 3693 dies
511 3646 692 3713 prorogata.

243 3738 322 3799 ltem
354 3737 506 3799 Miclinus
537 3738 747 3800 stationarius
783 3753 892 3800 contra
926 3737 1120 3821 Gregorium
1153 3739 1258 3821 primo
1290 3739 1405 3802 citatus

145 3860 203 3904 non
228 3844 420 3927 comparuit.

243 3950 323 4012 ltem
340 3951 424 4013 lwan
450 3965 560 4013 contra
585 3951 763 4013 lwaninum
788 3952 893 4034 primo
918 3953 1032 4015 citatus
1056 3974 1122 4016 non
1147 3956 1337 4037 comparuit.

244 4056 323 4118 ltem
359 4056 494 4137 Bogdan
531 4070 640 4119 contra
672 4057 815 4119 relictam
849 4059 1018 4141 Hergoche
1051 4061 1156 4142 primo
1194 4061 1307 4123 citatus
1340 4081 1404 4123 non

145 4162 329 4245 comparuit.

243 4269 321 4331 ltem
346 4268 499 4332 Nicolaus
523 4270 607 4333 filius
631 4271 758 4334 Crisani
783 4287 892 4334 contra
917 4273 1052 4335 luanum
1070 4273 1207 4336 Plaucch
1232 4275 1337 4356 primo
1362 4276 1405 4338 ci·

143 4386 220 4438 tatus
245 4396 310 4438 non
335 4377 524 4458 comparuit.

243 4482 322 4544 ltem
346 4481 499 4566 Gyurgelc
523 4499 633 4548 contra
658 4486 837 4548 iohannem
871 4482 1056 4569 privignum
1083 4488 1207 4571 Myreni
1231 4489 1337 4571 primo
1361 4489 1403 4550 ci·

142 4599 221 4650 tatus
245 4607 311 4650 non
336 4590 525 4671 comparuit.

244 4712 321 4775 ltem
340 4733 433 4775 causa
451 4714 541 4776 Pauli
559 4715 717 4798 Chaplich
731 4732 761 4779 et
774 4718 911 4800 Mykech
926 4718 1116 4799 Magdalene
1130 4719 1229 4781 estad
1246 4734 1320 4782 octo
1334 4719 1402 4783 dies

141 4833 309 4902 prorogata
332 4819 373 4882 ad
398 4821 661 4903 respondendum
685 4843 741 4906 per
759 4824 896 4907 Mykech
920 4826 1099 4907 predictum
1118 4840 1227 4887 contra
1252 4825 1401 4888 eundem.
