3404 5362
538 342 625 399 Anno
648 335 738 416 1376.
761 374 805 384 —
829 352 878 414 19.
902 336 1065 399 decembris.
1393 358 1433 420 73

274 554 354 617 Item
380 553 525 614 Andreas
550 552 605 614 Sib
629 565 741 613 contra
764 551 920 613 Jacobum
951 548 1125 632 pellificem
1149 549 1292 611 secundo
1323 549 1437 613 citatus

169 680 236 724 non
269 660 459 743 comparuit.

278 767 356 830 Item
381 765 544 828 Johannes
567 764 725 826 litteratus
748 777 858 826 contra
883 764 1022 826 eundem
1048 764 1203 825 Jacobum
1227 763 1368 826 secundo
1393 763 1436 825 ci-

167 889 252 937 tatus
288 893 353 935 non
377 873 568 955 comparuit.

274 980 355 1043 ltem
381 979 543 1042 lohannes
573 977 659 1041 filius
690 978 774 1040 Petri
806 977 949 1040 concivis
972 989 1080 1039 noster
1102 977 1135 1037 in
1167 996 1302 1060 persona
1327 976 1438 1038 uxoris

168 1106 223 1148 sue
250 1085 336 1169 Syda
360 1097 473 1147 vocate
496 1083 652 1162 atestavit,
674 1083 779 1165 primo
804 1103 859 1165 per
884 1082 1059 1165 Symonem
1088 1081 1285 1144 sacerdotem
1311 1079 1435 1143 confes·

170 1212 277 1254 sorem
291 1190 435 1274 Fabyani
448 1189 505 1252 lilii
523 1189 622 1251 Marci
647 1190 723 1268 ceci,
744 1189 894 1250 comitem
912 1189 991 1251 Wlk
1008 1187 1110 1250 filium
1129 1187 1275 1267 Mathias,
1292 1187 1435 1250 Blasium

168 1298 341 1388 literatum,
374 1296 574 1379 Stephanum
604 1294 707 1357 lilium
740 1294 927 1377 Mychaelis,
952 1294 1111 1356 Briccium
1143 1293 1334 1356 familiarem
1366 1315 1437 1377 pre·

168 1403 244 1465 dicti
269 1402 396 1465 comitis
418 1402 497 1465 Wlk
513 1421 608 1484 super
632 1421 682 1480 eo,
705 1401 794 1483 quod
811 1401 973 1483 predictus
989 1401 1161 1483 Fabyanus
1185 1401 1217 1462 in
1241 1420 1301 1462 suo
1317 1400 1434 1463 ultimo

170 1524 246 1571 voto
271 1509 437 1591 quandam
468 1528 558 1570 suam
594 1520 710 1570 terram
742 1507 896 1569 arabilem
928 1507 961 1569 in
992 1519 1101 1569 nostro
1134 1526 1249 1589 campo
1281 1506 1437 1585 habitam,

174 1635 259 1678 nunc
283 1614 369 1698 apud
395 1614 566 1676 Nicolaum
591 1613 714 1676 Odolas
739 1613 978 1695 inpignoratum
1011 1632 1069 1695 pro
1094 1614 1121 1674 X
1150 1613 1265 1674 marcis
1289 1613 1437 1675 denario-

172 1741 255 1801 rum,
280 1720 417 1783 iundum
442 1736 473 1783 et
496 1722 624 1782 vineam
649 1719 790 1801 predicte
814 1719 915 1781 sorori
940 1739 996 1781 sue
1021 1718 1107 1802 Syda
1131 1733 1242 1781 vocate
1267 1718 1438 1781 dimisisset

170 1844 202 1891 et
226 1828 374 1911 legasset,
399 1828 487 1910 prius
509 1840 616 1889 tamen
641 1826 800 1908 corporali
831 1825 979 1908 deposito
1002 1825 1184 1905 juramento
1207 1844 1264 1907 per
1287 1824 1437 1902 eosdem3

173 1936 291 2017 quibus
314 1953 375 1996 nos
397 1934 647 1996 atestacionibus
670 1932 837 2011 exauditis,
858 1932 1000 2014 predicta
1018 1932 1102 1993 bona
1126 1931 1186 2014 ipsi
1212 1931 1287 1994 Side
1311 1930 1437 2013 adjudi-

171 2043 314 2104 cavimus
337 2054 493 2123 perpetuo
518 2038 724 2122 possidenda.

276 2147 386 2209 Primo
412 2147 591 2210 Peterlinus
623 2159 733 2207 contra
764 2145 940 2207 Renarium
973 2144 1079 2227 primo
1106 2145 1219 2207 citatus
1251 2164 1315 2206 non
1346 2164 1438 2207 com-

174 2254 289 2335 paruit.

276 2359 356 2422 ltem
381 2360 455 2441 quia
480 2359 630 2422 Chernka
654 2360 770 2422 mulier
793 2358 833 2421 ad
858 2358 923 2420 duo
943 2371 1090 2440 precepta
1108 2357 1222 2438 judicis
1246 2377 1312 2420 non
1336 2358 1436 2437 venit,

172 2485 250 2547 ergo
275 2480 323 2528 eat
345 2466 490 2527 convicta
515 2466 546 2527 in
564 2485 618 2528 sex
642 2466 749 2548 pensis
766 2464 990 2540 denariorum
1007 2463 1047 2525 ad
1064 2464 1198 2525 tercium
1222 2478 1329 2525 autem
1346 2484 1437 2527 man-

172 2571 281 2634 datum
316 2573 392 2654 quia
424 2572 572 2635 similiter
601 2574 710 2635 venire
742 2571 945 2653 contempsit,
978 2590 1055 2652 ergo
1087 2584 1134 2632 est
1165 2571 1309 2633 convicta
1342 2572 1375 2632 in
1407 2571 1436 2633 X

171 2679 284 2741 marcis
308 2678 533 2756 denariorum;
566 2679 667 2763 ipsam
700 2692 809 2741 autem
840 2677 1024 2740 Chernkam
1057 2678 1271 2741 communitas
1304 2677 1438 2759 juridice

172 2783 210 2847 de
234 2797 341 2847 cetero
365 2784 457 2867 queri
481 2785 657 2849 debebunt.

241 3001 338 3077 Ferla
365 3012 465 3077 sexta
491 3009 649 3096 proxima
677 3015 756 3080 ante
783 3009 907 3080 festum
935 3008 1024 3078 beati
1054 3004 1179 3077 Tharne
1207 3008 1364 3094 apostoli.

672 3163 735 3238 (19.
759 3159 937 3230 decembris).

277 3299 387 3362 Primo
404 3301 567 3364 decretum
584 3303 688 3366 extitit
704 3322 760 3386 per
777 3302 915 3384 judicem
934 3316 965 3364 et
980 3301 1233 3380 universitatem,
1257 3301 1436 3363 communi-

172 3419 279 3485 tatem,
304 3425 399 3489 super
423 3426 473 3486 eo,
486 3408 562 3490 quia
579 3409 717 3491 Mykech
732 3407 818 3471 filius
832 3408 992 3470 Leonardi
1009 3408 1147 3470 condam
1171 3408 1313 3470 concivis
1330 3422 1437 3470 noster

172 3531 265 3574 suum
289 3511 513 3575 molendinum
540 3514 678 3576 Martino
704 3515 790 3577 dicto
813 3515 933 3576 Katiuo
953 3534 1012 3597 pro
1037 3513 1249 3597 quadraginta
1274 3512 1343 3576 flor.
1367 3513 1436 3575 auri

172 3618 433 3701 inpignoraverit,
457 3619 597 3682 eundem
630 3620 761 3684 tandem
785 3621 898 3683 Marko
929 3619 1014 3682 lilius
1038 3619 1182 3683 eiusdem
1214 3619 1352 3703 Mykech
1375 3640 1435 3703 pro

172 3723 321 3806 predictis
338 3725 551 3808 quadraginta
568 3726 638 3792 flor.
662 3727 730 3789 auri
744 3726 931 3790 redemisset
954 3746 1027 3789 cum
1051 3727 1203 3788 omnibus
1226 3727 1291 3788 suis
1314 3726 1437 3809 juribus

172 3844 201 3892 et
230 3829 437 3912 pertinenciis
467 3832 641 3912 universis,
674 3852 751 3916 ergo
782 3833 888 3914 ipsum
923 3832 1148 3895 molendinum
1176 3832 1320 3915 predicto
1346 3833 1435 3894 Mark

169 3935 337 3998 statuimus
360 3948 391 3998 et
414 3938 509 4000 statui
527 3936 661 4001 lecimus
685 3938 753 4020 jure
777 3937 999 4021 perhempnali
1012 3952 1166 4021 perpetuo
1191 3937 1435 4021 possidendum,

171 4041 428 4106 contradiccione
467 4044 687 4126 quorumlibet
721 4064 787 4106 non
820 4046 967 4107 obstante
991 4046 1023 4107 in
1048 4045 1219 4128 premissis.

274 4148 355 4211 ltem
386 4150 519 4213 domina
550 4151 751 4233 Margaretha
784 4151 893 4214 relicta
929 4151 1109 4214 Sebastiani
1145 4165 1253 4214 contra
1284 4150 1435 4212 Narkum

169 4273 358 4336 germanum
382 4276 477 4319 suum
500 4257 637 4320 literalia
661 4258 872 4320 instrumenta
897 4271 952 4319 aut
968 4258 1030 4319 alia
1054 4256 1123 4338 jura
1147 4277 1242 4340 super
1265 4270 1357 4337 pacto
1374 4270 1435 4318 sta-

171 4362 299 4423 cionum
324 4374 356 4425 et
379 4364 598 4426 convencione
630 4362 807 4426 eorundem
839 4363 944 4446 primo
975 4362 1096 4445 judicio
1126 4377 1198 4445 post
1228 4362 1434 4425 Nativitatem

172 4467 296 4530 domini
322 4467 472 4532 exhibere
496 4469 636 4534 debebit.

275 4574 356 4637 ltem
373 4574 554 4638 Peterlinus
566 4591 676 4638 contra
690 4575 865 4638 Renarium
882 4576 1024 4639 secundo
1039 4576 1152 4639 citatus
1166 4596 1231 4639 non
1244 4575 1433 4658 comparuit.

274 4679 355 4742 ltem
374 4701 468 4744 causa
485 4681 640 4744 lohannis
656 4680 737 4744 labri
762 4696 793 4744 et
817 4682 967 4744 Peterlini
985 4696 1032 4744 est
1054 4702 1110 4765 per
1125 4695 1220 4744 testes
1236 4679 1275 4742 ad
1293 4682 1434 4761 primum

170 4782 325 4867 judicium
348 4800 420 4870 post
444 4787 651 4850 Nativitatem
676 4787 801 4850 domini
826 4802 952 4869 recepta
975 4787 1016 4849 ad
1039 4807 1163 4869 pacem.
