3404 5362
611 338 695 395 Anno
719 334 808 415 1376.
834 372 873 381 -
896 352 929 413 9.
954 340 1127 413 septembris.
1459 341 1496 402 61

234 565 372 626 morum,
396 547 566 609 vinearum
590 562 621 610 et
645 548 782 610 aliorum
800 550 960 609 bonorum
979 549 1116 611 condam
1135 549 1310 632 Mychaelis
1334 548 1501 626 carnificis,

235 650 336 713 fratris
375 653 444 730 sui,
484 653 611 734 penitus
640 653 672 714 in
704 653 921 736 produccione
958 654 1088 716 testium
1120 653 1254 733 defecit,
1289 674 1366 735 ergo
1399 655 1501 737 ipsam

235 777 362 819 causam
386 758 536 840 perdidit.
564 759 651 841 lpsas
674 759 783 841 itaque
814 759 1031 841 possessiones
1054 760 1219 821 universas
1250 759 1395 842 predicto
1420 759 1498 822 Gre-

234 863 323 945 gorio
348 877 380 925 et
403 884 557 945 pereum
583 864 649 926 suis
671 863 844 926 heredibus
860 864 1091 946 adjudicantes,
1115 863 1235 948 prefate
1261 866 1356 927 luane
1382 866 1414 927 in
1430 885 1501 948 pre-

234 969 336 1031 missis
361 983 393 1032 et
416 971 483 1032 suis
506 971 642 1053 posteris
666 985 857 1054 perpetuum
881 971 1051 1033 silencium
1075 972 1275 1054 inponentes.

338 1076 417 1139 ltem
443 1076 617 1159 Stephania
642 1091 752 1140 contra
774 1077 945 1139 Nicolaum
970 1078 1203 1159 carpentarium
1229 1092 1343 1139 octavo
1369 1078 1420 1139 die
1445 1098 1501 1160 per

235 1181 414 1244 Barnabam
438 1184 636 1245 sacerdotem
654 1196 685 1245 et
701 1203 835 1246 uxorem
859 1183 993 1245 lanslini
1011 1184 1141 1245 sartoris
1164 1184 1311 1245 atestabit
1335 1202 1496 1265 supereo,

234 1288 318 1369 quod
336 1289 439 1370 ipsam
457 1310 537 1352 uxor
553 1291 652 1373 ipsius
669 1290 794 1352 Nicolai
819 1290 1007 1372 carpentarii
1037 1290 1183 1372 turpibus
1206 1289 1311 1351 verbis
1332 1287 1495 1351 affecisset.

337 1396 417 1457 Item
440 1417 533 1458 causa
558 1396 714 1458 Anthonii
732 1396 848 1459 sutoris
872 1410 903 1456 et
927 1396 1003 1457 luan
1021 1409 1067 1458 est
1090 1415 1147 1477 per
1171 1396 1299 1456 Petrum
1326 1394 1434 1456 Kurch
1459 1394 1499 1456 ad

234 1513 303 1562 octo
326 1501 396 1563 dies
421 1516 546 1585 recepta
570 1502 611 1564 ad
634 1523 757 1585 pacem.

335 1609 414 1671 ltem
439 1623 553 1670 octavo
578 1608 629 1670 die
646 1609 859 1670 commissarii
882 1609 1010 1670 Andree
1028 1609 1131 1670 Kozel
1154 1622 1300 1670 tenorem
1317 1608 1498 1670 testamenti

233 1712 277 1774 sui
302 1714 453 1776 exhibere
478 1715 597 1776 debent
620 1729 750 1798 propter
775 1714 894 1778 factum
918 1714 975 1776 filii
998 1713 1156 1796 Crapech.

336 1820 415 1882 ltem
439 1821 624 1883 Anthonius
655 1835 744 1883 sutor
775 1834 889 1883 octavo
918 1821 970 1883 die
1003 1834 1112 1883 contra
1138 1822 1326 1882 Markonem
1351 1818 1498 1881 atestabit

233 1943 284 2007 per
308 1926 495 2009 Philippum
522 1941 552 1989 et
576 1928 743 1989 Vrbanutn
767 1942 908 1989 sutorem
933 1927 1061 1989 racione
1087 1928 1223 1988 duarum
1247 1945 1430 2008 pensarum.

335 2033 413 2094 ltern
439 2033 621 2116 Stephanus
645 2033 765 2095 Rodini
783 2048 897 2096 octavo
922 2033 974 2095 die
999 2017 1116 2114 jurabit
1135 2033 1202 2094 sola
1228 2052 1364 2114 persona
1389 2032 1422 2093 in
1446 2051 1497 2109 eo,

232 2138 316 2219 quod
342 2139 409 2221 ipse
434 2140 577 2221 quodam
607 2153 754 2222 tempore
787 2160 888 2202 unum
919 2138 1019 2201 cilum
1051 2152 1240 2220 argenteum
1265 2138 1404 2200 lohanni
1429 2137 1496 2199 filio

231 2243 393 2307 Benedicti
410 2245 602 2328 obligaverit
619 2260 650 2308 et
666 2246 804 2308 eundem
823 2267 887 2309 non
906 2246 1092 2307 redemisset
1109 2265 1165 2327 per
1189 2265 1221 2306 se
1239 2264 1297 2306 nec
1321 2264 1378 2326 per
1395 2244 1495 2305 alium

230 2369 320 2411 suum
345 2350 512 2413 hominem
537 2353 576 2415 ab
601 2351 727 2414 eodem.

333 2456 412 2520 ltem
436 2478 531 2519 causa
555 2458 654 2520 Marci
679 2471 710 2519 et
734 2457 865 2540 Georgii
891 2458 1072 2520 stacionarii
1097 2472 1143 2520 est
1167 2477 1222 2540 per
1247 2457 1390 2518 Francha
1407 2455 1491 2517 auri·

230 2559 352 2624 fabrum
377 2563 417 2625 ad
442 2577 515 2627 octo
539 2564 608 2625 dies
631 2578 758 2647 recepta
782 2564 821 2625 ad
846 2585 969 2646 pacem.

333 2670 411 2732 ltem
438 2669 585 2732 Geninus
610 2685 719 2733 contra
752 2691 885 2733 uxorem
910 2670 1004 2734 Mafie
1029 2685 1142 2733 octavo
1176 2671 1227 2733 die
1252 2693 1283 2733 se
1309 2684 1415 2733 sextus
1447 2670 1493 2752 ju·

228 2777 308 2838 rabit
333 2777 365 2838 in
391 2797 440 2856 eo,
466 2777 553 2859 quod
577 2777 643 2860 ipse
661 2778 861 2860 septuaginta
887 2792 917 2840 et
940 2799 1038 2840 unam
1056 2798 1196 2840 marcam
1221 2779 1426 2839 denariorum
1451 2778 1491 2838 ab

229 2882 292 2964 ipsa
319 2902 386 2943 non
411 2883 580 2965 recepisset
604 2903 662 2944 nec
686 2884 899 2964 aliquomodo
923 2883 1095 2946 habuisset.

332 2988 413 3051 ltem
437 2988 567 3051 Gerdak
591 3003 705 3051 octavo
731 2990 783 3051 die
807 2989 925 3071 jurabit
948 3011 981 3052 se
1009 2991 1169 3052 secundus
1194 2992 1226 3051 in
1252 3010 1301 3068 e0,
1327 2989 1414 3071 quod
1433 2988 1492 3070 ipsi

225 3096 337 3173 boves,
361 3115 444 3178 quos
468 3096 535 3179 ipse
561 3096 592 3157 in
617 3096 682 3158 suis
707 3095 852 3178 frugibus
876 3097 1060 3171 invenisset,
1085 3096 1264 3179 dampnum
1289 3096 1491 3157 intullissent.

332 3202 409 3264 ltem
444 3201 604 3284 Georgius
636 3216 750 3265 octavo
782 3203 833 3264 die
869 3224 901 3264 se
933 3203 1105 3265 duodecim
1137 3203 1282 3285 personis
1313 3221 1487 3284 expurgare

216 3308 321 3371 <lebet
346 3309 474 3370 racione
500 3307 574 3371 furti
598 3310 716 3371 acusati
734 3329 790 3391 per
814 3309 987 3390 quemdam
1012 3308 1181 3370 hominem
1205 3311 1263 3370 sub
1291 3308 1448 3389 patibulo,

330 3415 408 3478 ltem
435 3414 588 3498 Gyurgek
613 3416 785 3498 calcaripar
816 3431 929 3477 octavo
962 3416 1014 3476 die
1046 3435 1078 3475 se
1102 3416 1218 3476 tercius
1252 3429 1364 3476 contra
1398 3413 1493 3474 Vide-

211 3537 300 3582 num
323 3519 450 3583 labrum
474 3522 592 3602 jurabit
620 3522 653 3582 in
679 3541 728 3600 eo,
752 3522 841 3602 quod
872 3521 991 3582 Paulus
1015 3521 1075 3581 sibi
1101 3521 1130 3581 X
1163 3519 1236 3582 flor.
1261 3540 1325 3581 non
1349 3520 1493 3600 legasset,

215 3642 283 3688 nec
307 3628 409 3709 ipsam
432 3627 634 3708 legacionem
658 3630 725 3709 ipse
751 3626 910 3708 Georgius
934 3627 1129 3688 asseruisset.

328 3733 407 3795 ltem
432 3734 507 3815 quia
533 3754 660 3795 causam
687 3734 815 3795 Smalch
840 3747 870 3795 et
895 3733 1117 3794 Lehcumuald
1151 3733 1190 3794 ad
1216 3752 1330 3813 pacem
1356 3731 1491 3813 recepis-

220 3852 292 3900 sent
314 3854 345 3902 et
369 3860 436 3902 non
469 3840 736 3917 concordassent,
769 3839 853 3901 idem
887 3838 1109 3901 Lehcumuald
1144 3852 1253 3901 contra
1289 3838 1393 3920 ipsum
1426 3856 1490 3899 non

223 3945 310 4007 venit
333 3966 439 4027 neque
464 3946 561 4009 misit.

276 4144 368 4221 laria
397 4151 507 4222 tercia
533 4152 689 4239 proxima
717 4156 793 4238 pust
820 4149 945 4220 festum
974 4148 1173 4221 Nativitatis
1202 4148 1298 4218 beate
1326 4147 1431 4219 llarie

757 4274 955 4363 predictum.

721 4430 767 4504 (9.
791 4427 976 4503 septembris).

323 4565 400 4628 ltem
426 4566 558 4649 Myrena
584 4580 693 4628 contra
718 4566 857 4627 lwanam
883 4565 987 4647 primo
1020 4566 1112 4628 citata
1137 4586 1201 4628 non
1231 4567 1421 4649 comparuit.

326 4672 403 4736 ltem
427 4672 582 4735 Nicolaus
614 4673 752 4734 condam
784 4672 974 4734 castellanus
1007 4672 1046 4732 de
1072 4672 1229 4754 Lypouch
1255 4688 1285 4735 et
1310 4672 1489 4755 Gregorius

247 4784 322 4837 uuor
343 4791 452 4840 contra
484 4780 672 4861 magistrum
700 4779 835 4839 Paulum
871 4778 976 4860 primo
1012 4779 1097 4840 citati
1130 4799 1194 4840 non
1228 4792 1486 4860 comparuerunt,
