<?xml version="1.0" encoding="UTF-8"?>
<!DOCTYPE html PUBLIC "-//W3C//DTD XHTML 1.0 Transitional//EN"
    "http://www.w3.org/TR/xhtml1/DTD/xhtml1-transitional.dtd">
<html xmlns="http://www.w3.org/1999/xhtml" xml:lang="en" lang="en">
 <head>
  <title>
</title>
<meta http-equiv="Content-Type" content="text/html;charset=utf-8" />
  <meta name='ocr-system' content='tesseract 3.04.00' />
  <meta name='ocr-capabilities' content='ocr_page ocr_carea ocr_par ocr_line ocrx_word'/>
</head>
<body>
  <div class='ocr_page' id='page_1' title='image "./monumentahistor04laszgoog/monumentahistor04laszgoog_0159.png"; bbox 0 0 3404 5362; ppageno 0'>
   <div class='ocr_carea' id='block_1_1' title="bbox 596 355 1097 432">
    <p class='ocr_par' dir='ltr' id='par_1_1' title="bbox 596 355 1097 432">
     <span class='ocr_line' id='line_1_1' title="bbox 596 355 1097 432; baseline 0 -19"><span class='ocrx_word' id='word_1_1' title='bbox 596 356 788 431; x_wconf 68' lang='lat' dir='ltr'>Ann01377.</span> <span class='ocrx_word' id='word_1_2' title='bbox 815 389 857 398; x_wconf 97' lang='lat'><strong>—</strong></span> <span class='ocrx_word' id='word_1_3' title='bbox 880 369 911 432; x_wconf 76' lang='lat'>4.</span> <span class='ocrx_word' id='word_1_4' title='bbox 936 355 1097 413; x_wconf 83' lang='lat' dir='ltr'><em>decembris.</em></span> 
     </span>
    </p>
   </div>
   <div class='ocr_carea' id='block_1_2' title="bbox 215 460 1484 471">
    <p class='ocr_par' dir='ltr' id='par_1_2' title="bbox 215 460 1484 471">
     <span class='ocr_line' id='line_1_2' title="bbox 215 460 1484 471; baseline -0.006 1"><span class='ocrx_word' id='word_1_5' title='bbox 215 464 378 471; x_wconf 91' lang='lat'>————---</span> <span class='ocrx_word' id='word_1_6' title='bbox 408 463 584 469; x_wconf 75' lang='lat' dir='ltr'>—n—--——</span> <span class='ocrx_word' id='word_1_7' title='bbox 648 462 705 467; x_wconf 89' lang='lat'>-—</span> <span class='ocrx_word' id='word_1_8' title='bbox 923 460 1484 467; x_wconf 72' lang='lat'>-————--———-————-—-</span> 
     </span>
    </p>
   </div>
   <div class='ocr_carea' id='block_1_3' title="bbox 214 564 1486 1183">
    <p class='ocr_par' dir='ltr' id='par_1_3' title="bbox 218 564 1486 758">
     <span class='ocr_line' id='line_1_3' title="bbox 320 564 1486 648; baseline -0.003 -19"><span class='ocrx_word' id='word_1_9' title='bbox 320 568 396 629; x_wconf 87' lang='lat' dir='ltr'>Item</span> <span class='ocrx_word' id='word_1_10' title='bbox 423 566 583 648; x_wconf 80' lang='lat' dir='ltr'>Georgius</span> <span class='ocrx_word' id='word_1_11' title='bbox 614 578 723 627; x_wconf 91' lang='lat' dir='ltr'>contra</span> <span class='ocrx_word' id='word_1_12' title='bbox 755 564 918 626; x_wconf 90' lang='lat' dir='ltr'>Andream</span> <span class='ocrx_word' id='word_1_13' title='bbox 950 579 1104 627; x_wconf 84' lang='lat' dir='ltr'><strong>sartorem</strong></span> <span class='ocrx_word' id='word_1_14' title='bbox 1130 565 1236 648; x_wconf 93' lang='lat' dir='ltr'>primo</span> <span class='ocrx_word' id='word_1_15' title='bbox 1269 565 1386 628; x_wconf 89' lang='lat' dir='ltr'>citatus</span> <span class='ocrx_word' id='word_1_16' title='bbox 1419 584 1486 627; x_wconf 89' lang='lat' dir='ltr'>non</span> 
     </span>
     <span class='ocr_line' id='line_1_4' title="bbox 218 675 408 758; baseline -0.011 -20"><span class='ocrx_word' id='word_1_17' title='bbox 218 675 408 758; x_wconf 83' lang='lat' dir='ltr'><strong>comparuit.</strong></span> 
     </span>
    </p>

    <p class='ocr_par' dir='ltr' id='par_1_4' title="bbox 216 777 1484 972">
     <span class='ocr_line' id='line_1_5' title="bbox 320 777 1484 861; baseline -0.001 -19"><span class='ocrx_word' id='word_1_18' title='bbox 320 780 399 842; x_wconf 90' lang='lat' dir='ltr'>ltem</span> <span class='ocrx_word' id='word_1_19' title='bbox 423 779 512 841; x_wconf 90' lang='lat' dir='ltr'>Luca</span> <span class='ocrx_word' id='word_1_20' title='bbox 536 792 567 840; x_wconf 92' lang='lat' dir='ltr'>et</span> <span class='ocrx_word' id='word_1_21' title='bbox 591 778 705 840; x_wconf 89' lang='lat' dir='ltr'>Marko</span> <span class='ocrx_word' id='word_1_22' title='bbox 730 777 852 840; x_wconf 88' lang='lat' dir='ltr'>Gemez</span> <span class='ocrx_word' id='word_1_23' title='bbox 877 791 986 840; x_wconf 87' lang='lat' dir='ltr'>contra</span> <span class='ocrx_word' id='word_1_24' title='bbox 1015 778 1150 840; x_wconf 90' lang='lat' dir='ltr'>luanum</span> <span class='ocrx_word' id='word_1_25' title='bbox 1174 779 1279 861; x_wconf 91' lang='lat' dir='ltr'>primo</span> <span class='ocrx_word' id='word_1_26' title='bbox 1304 778 1392 841; x_wconf 90' lang='lat' dir='ltr'>citati</span> <span class='ocrx_word' id='word_1_27' title='bbox 1418 798 1484 841; x_wconf 91' lang='lat' dir='ltr'>non</span> 
     </span>
     <span class='ocr_line' id='line_1_6' title="bbox 216 899 477 972; baseline -0.019 -20"><span class='ocrx_word' id='word_1_28' title='bbox 216 899 477 972; x_wconf 89' lang='lat' dir='ltr'>comparuerunt.</span> 
     </span>
    </p>

    <p class='ocr_par' dir='ltr' id='par_1_5' title="bbox 214 990 1484 1183">
     <span class='ocr_line' id='line_1_7' title="bbox 321 990 1484 1072; baseline -0.003 -16"><span class='ocrx_word' id='word_1_29' title='bbox 321 995 400 1056; x_wconf 89' lang='lat' dir='ltr'>ltem</span> <span class='ocrx_word' id='word_1_30' title='bbox 425 992 531 1055; x_wconf 83' lang='lat' dir='ltr'>Mathe</span> <span class='ocrx_word' id='word_1_31' title='bbox 556 1006 587 1053; x_wconf 93' lang='lat' dir='ltr'>et</span> <span class='ocrx_word' id='word_1_32' title='bbox 611 992 764 1054; x_wconf 87' lang='lat' dir='ltr'>Nicolaus</span> <span class='ocrx_word' id='word_1_33' title='bbox 797 990 854 1053; x_wconf 87' lang='lat' dir='ltr'>filii</span> <span class='ocrx_word' id='word_1_34' title='bbox 879 992 1005 1054; x_wconf 90' lang='lat' dir='ltr'>Crisani</span> <span class='ocrx_word' id='word_1_35' title='bbox 1038 1006 1148 1053; x_wconf 88' lang='lat' dir='ltr'>contra</span> <span class='ocrx_word' id='word_1_36' title='bbox 1173 992 1351 1054; x_wconf 89' lang='lat' dir='ltr'>Cristinum</span> <span class='ocrx_word' id='word_1_37' title='bbox 1377 991 1484 1072; x_wconf 92' lang='lat' dir='ltr'>primo</span> 
     </span>
     <span class='ocr_line' id='line_1_8' title="bbox 214 1101 674 1183; baseline -0.002 -20"><span class='ocrx_word' id='word_1_38' title='bbox 214 1101 300 1164; x_wconf 90' lang='lat' dir='ltr'>citati</span> <span class='ocrx_word' id='word_1_39' title='bbox 326 1121 390 1163; x_wconf 92' lang='lat' dir='ltr'>non</span> <span class='ocrx_word' id='word_1_40' title='bbox 416 1112 674 1183; x_wconf 87' lang='lat' dir='ltr'>comparuerunt.</span> 
     </span>
    </p>
   </div>
   <div class='ocr_carea' id='block_1_4' title="bbox 213 1221 1482 1627">
    <p class='ocr_par' dir='ltr' id='par_1_6' title="bbox 213 1221 1482 1416">
     <span class='ocr_line' id='line_1_9' title="bbox 320 1221 1482 1305; baseline -0.004 -18"><span class='ocrx_word' id='word_1_41' title='bbox 320 1225 398 1287; x_wconf 90' lang='lat' dir='ltr'>ltem</span> <span class='ocrx_word' id='word_1_42' title='bbox 424 1244 517 1287; x_wconf 89' lang='lat' dir='ltr'>causa</span> <span class='ocrx_word' id='word_1_43' title='bbox 546 1223 638 1285; x_wconf 89' lang='lat' dir='ltr'>Pauli</span> <span class='ocrx_word' id='word_1_44' title='bbox 662 1236 694 1286; x_wconf 86' lang='lat' dir='ltr'>et</span> <span class='ocrx_word' id='word_1_45' title='bbox 718 1223 847 1286; x_wconf 86' lang='lat' dir='ltr'>Martini</span> <span class='ocrx_word' id='word_1_46' title='bbox 879 1237 925 1284; x_wconf 89' lang='lat' dir='ltr'>est</span> <span class='ocrx_word' id='word_1_47' title='bbox 948 1243 1005 1305; x_wconf 91' lang='lat' dir='ltr'>per</span> <span class='ocrx_word' id='word_1_48' title='bbox 1037 1223 1216 1286; x_wconf 91' lang='lat' dir='ltr'>Cristinum</span> <span class='ocrx_word' id='word_1_49' title='bbox 1239 1222 1279 1285; x_wconf 90' lang='lat' dir='ltr'>ad</span> <span class='ocrx_word' id='word_1_50' title='bbox 1305 1236 1380 1285; x_wconf 91' lang='lat' dir='ltr'>octo</span> <span class='ocrx_word' id='word_1_51' title='bbox 1411 1221 1482 1283; x_wconf 93' lang='lat' dir='ltr'>dies</span> 
     </span>
     <span class='ocr_line' id='line_1_10' title="bbox 213 1334 550 1416; baseline 0 -22"><span class='ocrx_word' id='word_1_52' title='bbox 213 1347 339 1416; x_wconf 88' lang='lat' dir='ltr'>recepta</span> <span class='ocrx_word' id='word_1_53' title='bbox 364 1334 404 1393; x_wconf 93' lang='lat' dir='ltr'>ad</span> <span class='ocrx_word' id='word_1_54' title='bbox 428 1351 550 1414; x_wconf 81' lang='lat' dir='ltr'>pacem.</span> 
     </span>
    </p>

    <p class='ocr_par' dir='ltr' id='par_1_7' title="bbox 214 1437 1481 1627">
     <span class='ocr_line' id='line_1_11' title="bbox 321 1437 1481 1519; baseline -0.002 -19"><span class='ocrx_word' id='word_1_55' title='bbox 321 1440 399 1502; x_wconf 87' lang='lat' dir='ltr'>Item</span> <span class='ocrx_word' id='word_1_56' title='bbox 423 1459 516 1500; x_wconf 89' lang='lat' dir='ltr'>causa</span> <span class='ocrx_word' id='word_1_57' title='bbox 542 1437 720 1500; x_wconf 88' lang='lat' dir='ltr'>Clementis</span> <span class='ocrx_word' id='word_1_58' title='bbox 754 1452 784 1499; x_wconf 94' lang='lat' dir='ltr'>et</span> <span class='ocrx_word' id='word_1_59' title='bbox 809 1437 932 1501; x_wconf 88' lang='lat' dir='ltr'>Mareni</span> <span class='ocrx_word' id='word_1_60' title='bbox 963 1451 1009 1498; x_wconf 88' lang='lat' dir='ltr'>est</span> <span class='ocrx_word' id='word_1_61' title='bbox 1032 1457 1088 1519; x_wconf 92' lang='lat' dir='ltr'>per</span> <span class='ocrx_word' id='word_1_62' title='bbox 1114 1437 1332 1519; x_wconf 83' lang='lat' dir='ltr'>Dragozlaum</span> <span class='ocrx_word' id='word_1_63' title='bbox 1364 1451 1396 1499; x_wconf 89' lang='lat' dir='ltr'>et</span> <span class='ocrx_word' id='word_1_64' title='bbox 1420 1437 1481 1498; x_wconf 90' lang='lat' dir='ltr'>Mi·</span> 
     </span>
     <span class='ocr_line' id='line_1_12' title="bbox 214 1544 952 1627; baseline -0.001 -20"><span class='ocrx_word' id='word_1_65' title='bbox 214 1546 335 1608; x_wconf 91' lang='lat' dir='ltr'>clinum</span> <span class='ocrx_word' id='word_1_66' title='bbox 361 1545 401 1607; x_wconf 92' lang='lat' dir='ltr'>ad</span> <span class='ocrx_word' id='word_1_67' title='bbox 426 1559 499 1606; x_wconf 92' lang='lat' dir='ltr'>octo</span> <span class='ocrx_word' id='word_1_68' title='bbox 524 1545 592 1606; x_wconf 88' lang='lat' dir='ltr'>dies</span> <span class='ocrx_word' id='word_1_69' title='bbox 616 1558 741 1627; x_wconf 90' lang='lat' dir='ltr'>recepta</span> <span class='ocrx_word' id='word_1_70' title='bbox 766 1544 805 1605; x_wconf 89' lang='lat' dir='ltr'>ad</span> <span class='ocrx_word' id='word_1_71' title='bbox 830 1564 952 1625; x_wconf 87' lang='lat' dir='ltr'>pacem.</span> 
     </span>
    </p>
   </div>
   <div class='ocr_carea' id='block_1_5' title="bbox 213 1668 1484 2713">
    <p class='ocr_par' dir='ltr' id='par_1_8' title="bbox 214 1668 1480 1948">
     <span class='ocr_line' id='line_1_13' title="bbox 321 1668 1480 1752; baseline -0.003 -20"><span class='ocrx_word' id='word_1_72' title='bbox 321 1671 400 1732; x_wconf 90' lang='lat' dir='ltr'>ltem</span> <span class='ocrx_word' id='word_1_73' title='bbox 417 1670 605 1752; x_wconf 90' lang='lat' dir='ltr'>Damyanus</span> <span class='ocrx_word' id='word_1_74' title='bbox 621 1684 735 1732; x_wconf 90' lang='lat' dir='ltr'>octavo</span> <span class='ocrx_word' id='word_1_75' title='bbox 749 1669 800 1730; x_wconf 91' lang='lat' dir='ltr'>die</span> <span class='ocrx_word' id='word_1_76' title='bbox 817 1669 953 1730; x_wconf 89' lang='lat' dir='ltr'>literalia</span> <span class='ocrx_word' id='word_1_77' title='bbox 967 1669 1179 1732; x_wconf 90' lang='lat' dir='ltr'>instrumenta</span> <span class='ocrx_word' id='word_1_78' title='bbox 1195 1689 1290 1752; x_wconf 86' lang='lat' dir='ltr'>super</span> <span class='ocrx_word' id='word_1_79' title='bbox 1306 1688 1363 1730; x_wconf 88' lang='lat' dir='ltr'>sua</span> <span class='ocrx_word' id='word_1_80' title='bbox 1381 1668 1480 1730; x_wconf 93' lang='lat' dir='ltr'>domo</span> 
     </span>
     <span class='ocr_line' id='line_1_14' title="bbox 214 1775 1480 1860; baseline -0.003 -20"><span class='ocrx_word' id='word_1_81' title='bbox 214 1776 358 1840; x_wconf 86' lang='lat' dir='ltr'>confecta</span> <span class='ocrx_word' id='word_1_82' title='bbox 375 1776 531 1860; x_wconf 85' lang='lat' dir='ltr'>producet</span> <span class='ocrx_word' id='word_1_83' title='bbox 556 1796 664 1839; x_wconf 89' lang='lat' dir='ltr'>coram</span> <span class='ocrx_word' id='word_1_84' title='bbox 681 1775 785 1854; x_wconf 89' lang='lat' dir='ltr'>nobis,</span> <span class='ocrx_word' id='word_1_85' title='bbox 809 1795 906 1858; x_wconf 91' lang='lat' dir='ltr'>quam</span> <span class='ocrx_word' id='word_1_86' title='bbox 931 1776 991 1837; x_wconf 88' lang='lat' dir='ltr'>sibi</span> <span class='ocrx_word' id='word_1_87' title='bbox 1008 1776 1116 1838; x_wconf 82' lang='lat' dir='ltr'>Mathe</span> <span class='ocrx_word' id='word_1_88' title='bbox 1138 1776 1177 1838; x_wconf 91' lang='lat' dir='ltr'>de</span> <span class='ocrx_word' id='word_1_89' title='bbox 1195 1776 1380 1839; x_wconf 84' lang='lat' dir='ltr'>Crauarzlta</span> <span class='ocrx_word' id='word_1_90' title='bbox 1404 1795 1480 1837; x_wconf 86' lang='lat' dir='ltr'>ven·</span> 
     </span>
     <span class='ocr_line' id='line_1_15' title="bbox 214 1885 357 1948; baseline -0.014 0"><span class='ocrx_word' id='word_1_91' title='bbox 214 1885 357 1948; x_wconf 88' lang='lat' dir='ltr'>didisset.</span> 
     </span>
    </p>

    <p class='ocr_par' dir='ltr' id='par_1_9' title="bbox 213 1989 1483 2500">
     <span class='ocr_line' id='line_1_16' title="bbox 321 1989 1483 2073; baseline -0.002 -21"><span class='ocrx_word' id='word_1_92' title='bbox 321 1992 399 2053; x_wconf 91' lang='lat' dir='ltr'>ltem</span> <span class='ocrx_word' id='word_1_93' title='bbox 418 1991 601 2052; x_wconf 91' lang='lat' dir='ltr'>Anthonius</span> <span class='ocrx_word' id='word_1_94' title='bbox 624 1992 726 2053; x_wconf 88' lang='lat' dir='ltr'>Reniz</span> <span class='ocrx_word' id='word_1_95' title='bbox 744 2004 852 2054; x_wconf 89' lang='lat' dir='ltr'>contra</span> <span class='ocrx_word' id='word_1_96' title='bbox 877 1992 1048 2053; x_wconf 78' lang='lat' dir='ltr'>Nicolaum</span> <span class='ocrx_word' id='word_1_97' title='bbox 1070 1991 1109 2053; x_wconf 91' lang='lat' dir='ltr'>de</span> <span class='ocrx_word' id='word_1_98' title='bbox 1126 1992 1271 2073; x_wconf 89' lang='lat' dir='ltr'>Nezpesa</span> <span class='ocrx_word' id='word_1_99' title='bbox 1296 2003 1412 2052; x_wconf 90' lang='lat' dir='ltr'>octavo</span> <span class='ocrx_word' id='word_1_100' title='bbox 1429 1989 1483 2050; x_wconf 88' lang='lat' dir='ltr'>die</span> 
     </span>
     <span class='ocr_line' id='line_1_17' title="bbox 216 2097 1478 2180; baseline -0.002 -19"><span class='ocrx_word' id='word_1_101' title='bbox 216 2099 304 2161; x_wconf 86' lang='lat' dir='ltr'>solus</span> <span class='ocrx_word' id='word_1_102' title='bbox 328 2097 445 2179; x_wconf 88' lang='lat' dir='ltr'>jurabit</span> <span class='ocrx_word' id='word_1_103' title='bbox 470 2098 502 2159; x_wconf 89' lang='lat' dir='ltr'>in</span> <span class='ocrx_word' id='word_1_104' title='bbox 528 2118 577 2177; x_wconf 83' lang='lat' dir='ltr'>eu,</span> <span class='ocrx_word' id='word_1_105' title='bbox 602 2098 689 2180; x_wconf 91' lang='lat' dir='ltr'>quod</span> <span class='ocrx_word' id='word_1_106' title='bbox 716 2118 795 2160; x_wconf 91' lang='lat' dir='ltr'>uxor</span> <span class='ocrx_word' id='word_1_107' title='bbox 819 2099 918 2179; x_wconf 89' lang='lat' dir='ltr'>ipsius</span> <span class='ocrx_word' id='word_1_108' title='bbox 932 2099 1057 2160; x_wconf 89' lang='lat' dir='ltr'>Nicolai</span> <span class='ocrx_word' id='word_1_109' title='bbox 1082 2098 1142 2159; x_wconf 91' lang='lat' dir='ltr'>sibi</span> <span class='ocrx_word' id='word_1_110' title='bbox 1167 2098 1209 2158; x_wconf 86' lang='lat' dir='ltr'>tx</span> <span class='ocrx_word' id='word_1_111' title='bbox 1234 2097 1303 2160; x_wconf 86' lang='lat' dir='ltr'>flor.</span> <span class='ocrx_word' id='word_1_112' title='bbox 1329 2098 1398 2159; x_wconf 89' lang='lat' dir='ltr'>auri</span> <span class='ocrx_word' id='word_1_113' title='bbox 1424 2098 1478 2159; x_wconf 92' lang='lat' dir='ltr'>de-</span> 
     </span>
     <span class='ocr_line' id='line_1_18' title="bbox 215 2204 1482 2288; baseline -0.002 -20"><span class='ocrx_word' id='word_1_114' title='bbox 215 2206 322 2285; x_wconf 82' lang='lat' dir='ltr'>disset,</span> <span class='ocrx_word' id='word_1_115' title='bbox 347 2219 381 2267; x_wconf 93' lang='lat' dir='ltr'>ut</span> <span class='ocrx_word' id='word_1_116' title='bbox 411 2206 472 2266; x_wconf 90' lang='lat' dir='ltr'>sibi</span> <span class='ocrx_word' id='word_1_117' title='bbox 504 2204 544 2266; x_wconf 90' lang='lat' dir='ltr'>ad</span> <span class='ocrx_word' id='word_1_118' title='bbox 569 2204 696 2267; x_wconf 91' lang='lat' dir='ltr'>Budam</span> <span class='ocrx_word' id='word_1_119' title='bbox 728 2207 867 2267; x_wconf 89' lang='lat' dir='ltr'>mitteret</span> <span class='ocrx_word' id='word_1_120' title='bbox 897 2205 1030 2288; x_wconf 86' lang='lat' dir='ltr'>peplum</span> <span class='ocrx_word' id='word_1_121' title='bbox 1062 2204 1235 2266; x_wconf 89' lang='lat' dir='ltr'>emendum</span> <span class='ocrx_word' id='word_1_122' title='bbox 1264 2224 1323 2286; x_wconf 91' lang='lat' dir='ltr'>pro</span> <span class='ocrx_word' id='word_1_123' title='bbox 1348 2204 1482 2283; x_wconf 89' lang='lat' dir='ltr'>eisdem,</span> 
     </span>
     <span class='ocr_line' id='line_1_19' title="bbox 215 2310 1481 2395; baseline -0.001 -21"><span class='ocrx_word' id='word_1_124' title='bbox 215 2326 246 2374; x_wconf 94' lang='lat' dir='ltr'>et</span> <span class='ocrx_word' id='word_1_125' title='bbox 271 2332 335 2374; x_wconf 91' lang='lat' dir='ltr'>non</span> <span class='ocrx_word' id='word_1_126' title='bbox 361 2313 458 2387; x_wconf 82' lang='lat' dir='ltr'>alias3</span> <span class='ocrx_word' id='word_1_127' title='bbox 483 2312 549 2393; x_wconf 91' lang='lat' dir='ltr'>ipse</span> <span class='ocrx_word' id='word_1_128' title='bbox 581 2325 688 2374; x_wconf 90' lang='lat' dir='ltr'>autem</span> <span class='ocrx_word' id='word_1_129' title='bbox 715 2311 868 2374; x_wconf 91' lang='lat' dir='ltr'>Nicolaus</span> <span class='ocrx_word' id='word_1_130' title='bbox 899 2313 1001 2395; x_wconf 85' lang='lat' dir='ltr'>ipsam</span> <span class='ocrx_word' id='word_1_131' title='bbox 1033 2331 1160 2373; x_wconf 90' lang='lat' dir='ltr'>causam</span> <span class='ocrx_word' id='word_1_132' title='bbox 1185 2311 1225 2372; x_wconf 92' lang='lat' dir='ltr'>ad</span> <span class='ocrx_word' id='word_1_133' title='bbox 1257 2311 1410 2393; x_wconf 87' lang='lat' dir='ltr'>antiquos</span> <span class='ocrx_word' id='word_1_134' title='bbox 1433 2310 1481 2392; x_wconf 90' lang='lat' dir='ltr'>ju·</span> 
     </span>
     <span class='ocr_line' id='line_1_20' title="bbox 213 2418 507 2500; baseline 0.003 -21"><span class='ocrx_word' id='word_1_135' title='bbox 213 2419 299 2480; x_wconf 89' lang='lat' dir='ltr'>dices</span> <span class='ocrx_word' id='word_1_136' title='bbox 323 2418 507 2500; x_wconf 86' lang='lat' dir='ltr'>appellavit.</span> 
     </span>
    </p>

    <p class='ocr_par' dir='ltr' id='par_1_10' title="bbox 213 2523 1484 2713">
     <span class='ocr_line' id='line_1_21' title="bbox 320 2523 1484 2605; baseline 0.001 -20"><span class='ocrx_word' id='word_1_137' title='bbox 320 2524 397 2586; x_wconf 89' lang='lat' dir='ltr'>Item</span> <span class='ocrx_word' id='word_1_138' title='bbox 432 2523 612 2605; x_wconf 80' lang='lat' dir='ltr'>Stephanus</span> <span class='ocrx_word' id='word_1_139' title='bbox 644 2538 753 2586; x_wconf 92' lang='lat' dir='ltr'>contra</span> <span class='ocrx_word' id='word_1_140' title='bbox 786 2524 1006 2586; x_wconf 78' lang='lat' dir='ltr'>Alexandrum</span> <span class='ocrx_word' id='word_1_141' title='bbox 1039 2538 1154 2586; x_wconf 92' lang='lat' dir='ltr'>octavo</span> <span class='ocrx_word' id='word_1_142' title='bbox 1178 2523 1231 2586; x_wconf 92' lang='lat' dir='ltr'>die</span> <span class='ocrx_word' id='word_1_143' title='bbox 1262 2545 1295 2587; x_wconf 91' lang='lat' dir='ltr'>se</span> <span class='ocrx_word' id='word_1_144' title='bbox 1319 2524 1484 2587; x_wconf 87' lang='lat' dir='ltr'>secundus</span> 
     </span>
     <span class='ocr_line' id='line_1_22' title="bbox 213 2631 1187 2713; baseline 0 -20"><span class='ocrx_word' id='word_1_145' title='bbox 213 2631 330 2713; x_wconf 83' lang='lat' dir='ltr'>jurabit</span> <span class='ocrx_word' id='word_1_146' title='bbox 352 2631 439 2712; x_wconf 93' lang='lat' dir='ltr'>quod</span> <span class='ocrx_word' id='word_1_147' title='bbox 464 2631 525 2691; x_wconf 90' lang='lat' dir='ltr'>sibi</span> <span class='ocrx_word' id='word_1_148' title='bbox 551 2631 582 2691; x_wconf 92' lang='lat' dir='ltr'>in</span> <span class='ocrx_word' id='word_1_149' title='bbox 607 2631 759 2692; x_wconf 89' lang='lat' dir='ltr'>omnibus</span> <span class='ocrx_word' id='word_1_150' title='bbox 783 2631 822 2693; x_wconf 91' lang='lat' dir='ltr'>sit</span> <span class='ocrx_word' id='word_1_151' title='bbox 846 2631 946 2713; x_wconf 81' lang='lat' dir='ltr'>justus</span> <span class='ocrx_word' id='word_1_152' title='bbox 970 2644 1000 2692; x_wconf 91' lang='lat' dir='ltr'>et</span> <span class='ocrx_word' id='word_1_153' title='bbox 1025 2632 1187 2693; x_wconf 91' lang='lat' dir='ltr'>immunis.</span> 
     </span>
    </p>
   </div>
   <div class='ocr_carea' id='block_1_6' title="bbox 213 2755 1485 3372">
    <p class='ocr_par' dir='ltr' id='par_1_11' title="bbox 322 2755 1350 2838">
     <span class='ocr_line' id='line_1_23' title="bbox 322 2755 1350 2838; baseline 0.001 -22"><span class='ocrx_word' id='word_1_154' title='bbox 322 2756 400 2817; x_wconf 92' lang='lat' dir='ltr'>ltem</span> <span class='ocrx_word' id='word_1_155' title='bbox 425 2755 578 2837; x_wconf 90' lang='lat' dir='ltr'>Baboyeb</span> <span class='ocrx_word' id='word_1_156' title='bbox 602 2768 649 2816; x_wconf 89' lang='lat' dir='ltr'>est</span> <span class='ocrx_word' id='word_1_157' title='bbox 673 2756 808 2817; x_wconf 90' lang='lat' dir='ltr'>omnino</span> <span class='ocrx_word' id='word_1_158' title='bbox 836 2768 945 2817; x_wconf 92' lang='lat' dir='ltr'>contra</span> <span class='ocrx_word' id='word_1_159' title='bbox 972 2755 1148 2817; x_wconf 76' lang='lat' dir='ltr'>lxv-aninum</span> <span class='ocrx_word' id='word_1_160' title='bbox 1173 2755 1350 2838; x_wconf 90' lang='lat' dir='ltr'>expeditus.</span> 
     </span>
    </p>

    <p class='ocr_par' dir='ltr' id='par_1_12' title="bbox 214 2861 1484 3050">
     <span class='ocr_line' id='line_1_24' title="bbox 321 2861 1484 2945; baseline 0.001 -22"><span class='ocrx_word' id='word_1_161' title='bbox 321 2861 397 2923; x_wconf 93' lang='lat' dir='ltr'>ltem</span> <span class='ocrx_word' id='word_1_162' title='bbox 431 2882 525 2923; x_wconf 89' lang='lat' dir='ltr'>causa</span> <span class='ocrx_word' id='word_1_163' title='bbox 558 2862 693 2941; x_wconf 83' lang='lat' dir='ltr'>Marem,</span> <span class='ocrx_word' id='word_1_164' title='bbox 725 2861 849 2923; x_wconf 90' lang='lat' dir='ltr'>Nicolai</span> <span class='ocrx_word' id='word_1_165' title='bbox 882 2877 913 2923; x_wconf 90' lang='lat' dir='ltr'>et</span> <span class='ocrx_word' id='word_1_166' title='bbox 936 2863 1013 2923; x_wconf 91' lang='lat' dir='ltr'>luan</span> <span class='ocrx_word' id='word_1_167' title='bbox 1046 2863 1319 2945; x_wconf 90' lang='lat' dir='ltr'>carpentariorum</span> <span class='ocrx_word' id='word_1_168' title='bbox 1353 2875 1401 2925; x_wconf 88' lang='lat' dir='ltr'>est</span> <span class='ocrx_word' id='word_1_169' title='bbox 1425 2883 1484 2945; x_wconf 90' lang='lat' dir='ltr'>per</span> 
     </span>
     <span class='ocr_line' id='line_1_25' title="bbox 214 2967 994 3050; baseline -0.001 -20"><span class='ocrx_word' id='word_1_170' title='bbox 214 2968 398 3050; x_wconf 81' lang='lat' dir='ltr'>judicesad</span> <span class='ocrx_word' id='word_1_171' title='bbox 423 2981 496 3030; x_wconf 92' lang='lat' dir='ltr'>octo</span> <span class='ocrx_word' id='word_1_172' title='bbox 521 2968 589 3029; x_wconf 91' lang='lat' dir='ltr'>dies</span> <span class='ocrx_word' id='word_1_173' title='bbox 613 2982 782 3050; x_wconf 85' lang='lat' dir='ltr'>prorogata</span> <span class='ocrx_word' id='word_1_174' title='bbox 807 2967 846 3029; x_wconf 91' lang='lat' dir='ltr'>ad</span> <span class='ocrx_word' id='word_1_175' title='bbox 870 2988 994 3050; x_wconf 88' lang='lat' dir='ltr'>pacem.</span> 
     </span>
    </p>

    <p class='ocr_par' dir='ltr' id='par_1_13' title="bbox 320 3075 1435 3158">
     <span class='ocr_line' id='line_1_26' title="bbox 320 3075 1435 3158; baseline 0.001 -22"><span class='ocrx_word' id='word_1_176' title='bbox 320 3075 397 3136; x_wconf 87' lang='lat' dir='ltr'>ltem</span> <span class='ocrx_word' id='word_1_177' title='bbox 422 3075 539 3136; x_wconf 88' lang='lat' dir='ltr'>Paulus</span> <span class='ocrx_word' id='word_1_178' title='bbox 563 3091 673 3137; x_wconf 90' lang='lat' dir='ltr'>contra</span> <span class='ocrx_word' id='word_1_179' title='bbox 691 3075 861 3137; x_wconf 87' lang='lat' dir='ltr'>Nicolaum</span> <span class='ocrx_word' id='word_1_180' title='bbox 885 3075 991 3158; x_wconf 88' lang='lat' dir='ltr'>primo</span> <span class='ocrx_word' id='word_1_181' title='bbox 1015 3076 1129 3138; x_wconf 89' lang='lat' dir='ltr'>citatus</span> <span class='ocrx_word' id='word_1_182' title='bbox 1153 3097 1218 3138; x_wconf 93' lang='lat' dir='ltr'>non</span> <span class='ocrx_word' id='word_1_183' title='bbox 1243 3077 1435 3158; x_wconf 85' lang='lat' dir='ltr'>comparuit.</span> 
     </span>
    </p>

    <p class='ocr_par' dir='ltr' id='par_1_14' title="bbox 213 3181 1485 3372">
     <span class='ocr_line' id='line_1_27' title="bbox 320 3181 1485 3266; baseline 0.002 -24"><span class='ocrx_word' id='word_1_184' title='bbox 320 3182 398 3243; x_wconf 90' lang='lat' dir='ltr'>ltem</span> <span class='ocrx_word' id='word_1_185' title='bbox 422 3201 516 3243; x_wconf 90' lang='lat' dir='ltr'>causa</span> <span class='ocrx_word' id='word_1_186' title='bbox 533 3203 582 3244; x_wconf 90' lang='lat' dir='ltr'>ser</span> <span class='ocrx_word' id='word_1_187' title='bbox 600 3181 716 3265; x_wconf 89' lang='lat' dir='ltr'>Gyuan</span> <span class='ocrx_word' id='word_1_188' title='bbox 739 3195 769 3245; x_wconf 93' lang='lat' dir='ltr'>et</span> <span class='ocrx_word' id='word_1_189' title='bbox 786 3183 928 3265; x_wconf 78' lang='lat' dir='ltr'>magistri</span> <span class='ocrx_word' id='word_1_190' title='bbox 953 3182 1108 3244; x_wconf 80' lang='lat' dir='ltr'>iohannis</span> <span class='ocrx_word' id='word_1_191' title='bbox 1132 3183 1237 3266; x_wconf 90' lang='lat' dir='ltr'>Crispi</span> <span class='ocrx_word' id='word_1_192' title='bbox 1263 3197 1310 3247; x_wconf 94' lang='lat' dir='ltr'>est</span> <span class='ocrx_word' id='word_1_193' title='bbox 1332 3203 1390 3265; x_wconf 91' lang='lat' dir='ltr'>per</span> <span class='ocrx_word' id='word_1_194' title='bbox 1414 3183 1485 3245; x_wconf 90' lang='lat' dir='ltr'>Do-</span> 
     </span>
     <span class='ocr_line' id='line_1_28' title="bbox 213 3287 1433 3372; baseline 0.002 -22"><span class='ocrx_word' id='word_1_195' title='bbox 213 3301 323 3351; x_wconf 89' lang='lat' dir='ltr'>natum</span> <span class='ocrx_word' id='word_1_196' title='bbox 349 3288 486 3350; x_wconf 91' lang='lat' dir='ltr'>condam</span> <span class='ocrx_word' id='word_1_197' title='bbox 510 3287 649 3368; x_wconf 85' lang='lat' dir='ltr'>judicem</span> <span class='ocrx_word' id='word_1_198' title='bbox 671 3303 814 3350; x_wconf 90' lang='lat' dir='ltr'>nostrum</span> <span class='ocrx_word' id='word_1_199' title='bbox 840 3288 879 3350; x_wconf 91' lang='lat' dir='ltr'>ad</span> <span class='ocrx_word' id='word_1_200' title='bbox 904 3303 977 3352; x_wconf 91' lang='lat' dir='ltr'>octo</span> <span class='ocrx_word' id='word_1_201' title='bbox 1002 3290 1070 3351; x_wconf 90' lang='lat' dir='ltr'>dies</span> <span class='ocrx_word' id='word_1_202' title='bbox 1094 3306 1220 3372; x_wconf 89' lang='lat' dir='ltr'>recepta</span> <span class='ocrx_word' id='word_1_203' title='bbox 1244 3289 1283 3351; x_wconf 92' lang='lat' dir='ltr'>ad</span> <span class='ocrx_word' id='word_1_204' title='bbox 1308 3309 1433 3371; x_wconf 88' lang='lat' dir='ltr'>pacem.</span> 
     </span>
    </p>
   </div>
   <div class='ocr_carea' id='block_1_7' title="bbox 214 3412 1486 4241">
    <p class='ocr_par' dir='ltr' id='par_1_15' title="bbox 214 3412 1486 3688">
     <span class='ocr_line' id='line_1_29' title="bbox 321 3412 1485 3496; baseline 0.004 -22"><span class='ocrx_word' id='word_1_205' title='bbox 321 3413 399 3475; x_wconf 92' lang='lat' dir='ltr'>ltem</span> <span class='ocrx_word' id='word_1_206' title='bbox 424 3412 575 3475; x_wconf 90' lang='lat' dir='ltr'>dominus</span> <span class='ocrx_word' id='word_1_207' title='bbox 606 3414 800 3476; x_wconf 88' lang='lat' dir='ltr'>Jacomellus</span> <span class='ocrx_word' id='word_1_208' title='bbox 832 3434 933 3496; x_wconf 91' lang='lat' dir='ltr'>usque</span> <span class='ocrx_word' id='word_1_209' title='bbox 969 3415 1149 3496; x_wconf 89' lang='lat' dir='ltr'>quindenas</span> <span class='ocrx_word' id='word_1_210' title='bbox 1182 3429 1297 3476; x_wconf 89' lang='lat' dir='ltr'>terram</span> <span class='ocrx_word' id='word_1_211' title='bbox 1322 3413 1485 3479; x_wconf 86' lang='lat' dir='ltr'>lobannis</span> 
     </span>
     <span class='ocr_line' id='line_1_30' title="bbox 214 3519 1486 3603; baseline 0.002 -21"><span class='ocrx_word' id='word_1_212' title='bbox 214 3519 377 3582; x_wconf 92' lang='lat' dir='ltr'>Chemerii</span> <span class='ocrx_word' id='word_1_213' title='bbox 416 3539 474 3601; x_wconf 92' lang='lat' dir='ltr'>pro</span> <span class='ocrx_word' id='word_1_214' title='bbox 508 3520 668 3601; x_wconf 90' lang='lat' dir='ltr'>predictis.</span> <span class='ocrx_word' id='word_1_215' title='bbox 694 3520 732 3583; x_wconf 92' lang='lat' dir='ltr'>C.</span> <span class='ocrx_word' id='word_1_216' title='bbox 758 3520 899 3603; x_wconf 85' lang='lat' dir='ltr'>p(ensis),</span> <span class='ocrx_word' id='word_1_217' title='bbox 936 3521 967 3583; x_wconf 92' lang='lat' dir='ltr'>in</span> <span class='ocrx_word' id='word_1_218' title='bbox 993 3523 1081 3602; x_wconf 84' lang='lat' dir='ltr'>Krog</span> <span class='ocrx_word' id='word_1_219' title='bbox 1118 3522 1324 3599; x_wconf 85' lang='lat' dir='ltr'>existentem,</span> <span class='ocrx_word' id='word_1_220' title='bbox 1356 3540 1486 3585; x_wconf 89' lang='lat' dir='ltr'>venun-</span> 
     </span>
     <span class='ocr_line' id='line_1_31' title="bbox 214 3625 417 3688; baseline 0.005 -1"><span class='ocrx_word' id='word_1_221' title='bbox 214 3627 288 3688; x_wconf 90' lang='lat' dir='ltr'>dare</span> <span class='ocrx_word' id='word_1_222' title='bbox 313 3625 417 3688; x_wconf 89' lang='lat' dir='ltr'>debet.</span> 
     </span>
    </p>

    <p class='ocr_par' dir='ltr' id='par_1_16' title="bbox 214 3732 1486 3922">
     <span class='ocr_line' id='line_1_32' title="bbox 319 3732 1486 3816; baseline 0.004 -23"><span class='ocrx_word' id='word_1_223' title='bbox 319 3732 397 3794; x_wconf 90' lang='lat' dir='ltr'>Item</span> <span class='ocrx_word' id='word_1_224' title='bbox 422 3733 553 3794; x_wconf 91' lang='lat' dir='ltr'>domina</span> <span class='ocrx_word' id='word_1_225' title='bbox 578 3736 671 3795; x_wconf 90' lang='lat' dir='ltr'>Anna</span> <span class='ocrx_word' id='word_1_226' title='bbox 688 3747 797 3796; x_wconf 91' lang='lat' dir='ltr'>contra</span> <span class='ocrx_word' id='word_1_227' title='bbox 822 3732 995 3816; x_wconf 90' lang='lat' dir='ltr'>Gyuanum</span> <span class='ocrx_word' id='word_1_228' title='bbox 1021 3734 1163 3797; x_wconf 90' lang='lat' dir='ltr'>secundo</span> <span class='ocrx_word' id='word_1_229' title='bbox 1180 3735 1274 3798; x_wconf 87' lang='lat' dir='ltr'>citata</span> <span class='ocrx_word' id='word_1_230' title='bbox 1298 3754 1364 3796; x_wconf 90' lang='lat' dir='ltr'>non</span> <span class='ocrx_word' id='word_1_231' title='bbox 1390 3755 1486 3799; x_wconf 87' lang='lat' dir='ltr'>com·</span> 
     </span>
     <span class='ocr_line' id='line_1_33' title="bbox 214 3838 328 3922; baseline 0.009 -22"><span class='ocrx_word' id='word_1_232' title='bbox 214 3838 328 3922; x_wconf 88' lang='lat' dir='ltr'>paruit.</span> 
     </span>
    </p>

    <p class='ocr_par' dir='ltr' id='par_1_17' title="bbox 214 3945 1486 4241">
     <span class='ocr_line' id='line_1_34' title="bbox 322 3945 1485 4032; baseline 0.006 -26"><span class='ocrx_word' id='word_1_233' title='bbox 322 3945 400 4007; x_wconf 89' lang='lat' dir='ltr'>Item</span> <span class='ocrx_word' id='word_1_234' title='bbox 425 3945 537 4008; x_wconf 87' lang='lat' dir='ltr'>Petrus</span> <span class='ocrx_word' id='word_1_235' title='bbox 564 3945 649 4008; x_wconf 87' lang='lat' dir='ltr'>filius</span> <span class='ocrx_word' id='word_1_236' title='bbox 681 3946 770 4008; x_wconf 89' lang='lat' dir='ltr'>Pauli</span> <span class='ocrx_word' id='word_1_237' title='bbox 803 3961 918 4009; x_wconf 85' lang='lat' dir='ltr'>octavo</span> <span class='ocrx_word' id='word_1_238' title='bbox 943 3948 994 4010; x_wconf 89' lang='lat' dir='ltr'>die</span> <span class='ocrx_word' id='word_1_239' title='bbox 1026 3969 1058 4011; x_wconf 92' lang='lat' dir='ltr'>se</span> <span class='ocrx_word' id='word_1_240' title='bbox 1082 3950 1198 4012; x_wconf 86' lang='lat' dir='ltr'>tercius</span> <span class='ocrx_word' id='word_1_241' title='bbox 1229 3948 1346 4029; x_wconf 90' lang='lat' dir='ltr'>jurabit</span> <span class='ocrx_word' id='word_1_242' title='bbox 1371 3949 1404 4010; x_wconf 92' lang='lat' dir='ltr'>in</span> <span class='ocrx_word' id='word_1_243' title='bbox 1431 3971 1485 4032; x_wconf 86' lang='lat' dir='ltr'>eo,</span> 
     </span>
     <span class='ocr_line' id='line_1_35' title="bbox 214 4049 1486 4138; baseline 0.007 -27"><span class='ocrx_word' id='word_1_244' title='bbox 214 4049 303 4132; x_wconf 92' lang='lat' dir='ltr'>quod</span> <span class='ocrx_word' id='word_1_245' title='bbox 328 4052 395 4133; x_wconf 92' lang='lat' dir='ltr'>ipse</span> <span class='ocrx_word' id='word_1_246' title='bbox 421 4053 520 4114; x_wconf 90' lang='lat' dir='ltr'>nescit</span> <span class='ocrx_word' id='word_1_247' title='bbox 543 4073 649 4136; x_wconf 92' lang='lat' dir='ltr'>neque</span> <span class='ocrx_word' id='word_1_248' title='bbox 673 4053 763 4115; x_wconf 89' lang='lat' dir='ltr'>novit</span> <span class='ocrx_word' id='word_1_249' title='bbox 788 4054 879 4115; x_wconf 90' lang='lat' dir='ltr'>illum</span> <span class='ocrx_word' id='word_1_250' title='bbox 904 4055 1071 4117; x_wconf 89' lang='lat' dir='ltr'>hominem</span> <span class='ocrx_word' id='word_1_251' title='bbox 1095 4077 1111 4118; x_wconf 93' lang='lat' dir='ltr'>a</span> <span class='ocrx_word' id='word_1_252' title='bbox 1137 4076 1202 4138; x_wconf 93' lang='lat' dir='ltr'>quo</span> <span class='ocrx_word' id='word_1_253' title='bbox 1227 4056 1382 4138; x_wconf 89' lang='lat' dir='ltr'>quasdam</span> <span class='ocrx_word' id='word_1_254' title='bbox 1400 4057 1486 4120; x_wconf 87' lang='lat' dir='ltr'>duas</span> 
     </span>
     <span class='ocr_line' id='line_1_36' title="bbox 214 4157 809 4241; baseline 0.007 -22"><span class='ocrx_word' id='word_1_255' title='bbox 214 4157 361 4219; x_wconf 89' lang='lat' dir='ltr'>camisias</span> <span class='ocrx_word' id='word_1_256' title='bbox 386 4159 560 4221; x_wconf 89' lang='lat' dir='ltr'>muliebres</span> <span class='ocrx_word' id='word_1_257' title='bbox 584 4161 809 4241; x_wconf 88' lang='lat' dir='ltr'>comparuerit.</span> 
     </span>
    </p>
   </div>
   <div class='ocr_carea' id='block_1_8' title="bbox 214 4283 1483 4455">
    <p class='ocr_par' dir='ltr' id='par_1_18' title="bbox 214 4283 1483 4455">
     <span class='ocr_line' id='line_1_37' title="bbox 320 4283 1483 4365; baseline 0.008 -22"><span class='ocrx_word' id='word_1_258' title='bbox 320 4283 397 4345; x_wconf 93' lang='lat' dir='ltr'>ltem</span> <span class='ocrx_word' id='word_1_259' title='bbox 423 4283 594 4365; x_wconf 86' lang='lat' dir='ltr'>Fabyanus</span> <span class='ocrx_word' id='word_1_260' title='bbox 617 4284 759 4345; x_wconf 89' lang='lat' dir='ltr'>literatus</span> <span class='ocrx_word' id='word_1_261' title='bbox 791 4297 822 4346; x_wconf 92' lang='lat' dir='ltr'>et</span> <span class='ocrx_word' id='word_1_262' title='bbox 846 4285 990 4347; x_wconf 81' lang='lat' dir='ltr'>Andreas</span> <span class='ocrx_word' id='word_1_263' title='bbox 1014 4307 1046 4347; x_wconf 90' lang='lat' dir='ltr'>se</span> <span class='ocrx_word' id='word_1_264' title='bbox 1079 4302 1192 4349; x_wconf 90' lang='lat' dir='ltr'>octavo</span> <span class='ocrx_word' id='word_1_265' title='bbox 1216 4287 1268 4350; x_wconf 85' lang='lat' dir='ltr'>die</span> <span class='ocrx_word' id='word_1_266' title='bbox 1292 4288 1483 4352; x_wconf 90' lang='lat' dir='ltr'>testimonio</span> 
     </span>
     <span class='ocr_line' id='line_1_38' title="bbox 214 4387 906 4455; baseline 0.009 -7"><span class='ocrx_word' id='word_1_267' title='bbox 214 4387 390 4449; x_wconf 77' lang='lat' dir='ltr'>Alexandri</span> <span class='ocrx_word' id='word_1_268' title='bbox 415 4401 446 4450; x_wconf 93' lang='lat' dir='ltr'>et</span> <span class='ocrx_word' id='word_1_269' title='bbox 469 4408 525 4450; x_wconf 91' lang='lat' dir='ltr'>sue</span> <span class='ocrx_word' id='word_1_270' title='bbox 548 4389 656 4451; x_wconf 89' lang='lat' dir='ltr'>uxoris</span> <span class='ocrx_word' id='word_1_271' title='bbox 679 4391 906 4455; x_wconf 91' lang='lat' dir='ltr'>submiserunt.</span> 
     </span>
    </p>
   </div>
   <div class='ocr_carea' id='block_1_9' title="bbox 214 4512 1482 4700">
    <p class='ocr_par' dir='ltr' id='par_1_19' title="bbox 214 4512 1482 4700">
     <span class='ocr_line' id='line_1_39' title="bbox 320 4512 1482 4601; baseline 0.009 -28"><span class='ocrx_word' id='word_1_272' title='bbox 320 4512 398 4574; x_wconf 93' lang='lat' dir='ltr'>ltem</span> <span class='ocrx_word' id='word_1_273' title='bbox 434 4513 546 4575; x_wconf 88' lang='lat' dir='ltr'>Marko</span> <span class='ocrx_word' id='word_1_274' title='bbox 581 4514 704 4577; x_wconf 89' lang='lat' dir='ltr'>Gemez</span> <span class='ocrx_word' id='word_1_275' title='bbox 739 4529 848 4577; x_wconf 91' lang='lat' dir='ltr'>contra</span> <span class='ocrx_word' id='word_1_276' title='bbox 885 4516 1081 4599; x_wconf 88' lang='lat' dir='ltr'>Gregorium</span> <span class='ocrx_word' id='word_1_277' title='bbox 1121 4520 1226 4601; x_wconf 91' lang='lat' dir='ltr'>primo</span> <span class='ocrx_word' id='word_1_278' title='bbox 1262 4519 1376 4581; x_wconf 88' lang='lat' dir='ltr'>citatus</span> <span class='ocrx_word' id='word_1_279' title='bbox 1412 4541 1482 4584; x_wconf 90' lang='lat' dir='ltr'>non</span> 
     </span>
     <span class='ocr_line' id='line_1_40' title="bbox 214 4619 403 4700; baseline 0.011 -20"><span class='ocrx_word' id='word_1_280' title='bbox 214 4619 403 4700; x_wconf 89' lang='lat' dir='ltr'>comparuit.</span> 
     </span>
    </p>
   </div>
   <div class='ocr_carea' id='block_1_10' title="bbox 213 4726 1483 4902">
    <p class='ocr_par' dir='ltr' id='par_1_20' title="bbox 213 4726 1483 4902">
     <span class='ocr_line' id='line_1_41' title="bbox 320 4726 1483 4814; baseline 0.008 -27"><span class='ocrx_word' id='word_1_281' title='bbox 320 4726 397 4788; x_wconf 93' lang='lat' dir='ltr'>ltem</span> <span class='ocrx_word' id='word_1_282' title='bbox 416 4726 491 4788; x_wconf 90' lang='lat' dir='ltr'>luan</span> <span class='ocrx_word' id='word_1_283' title='bbox 516 4729 701 4790; x_wconf 85' lang='lat' dir='ltr'>testimonio</span> <span class='ocrx_word' id='word_1_284' title='bbox 720 4729 854 4812; x_wconf 87' lang='lat' dir='ltr'>Mykech</span> <span class='ocrx_word' id='word_1_285' title='bbox 874 4745 904 4793; x_wconf 90' lang='lat' dir='ltr'>et</span> <span class='ocrx_word' id='word_1_286' title='bbox 922 4732 1117 4794; x_wconf 89' lang='lat' dir='ltr'>Wlkouicha</span> <span class='ocrx_word' id='word_1_287' title='bbox 1142 4734 1289 4795; x_wconf 87' lang='lat' dir='ltr'>atestavit</span> <span class='ocrx_word' id='word_1_288' title='bbox 1312 4733 1401 4814; x_wconf 93' lang='lat' dir='ltr'>quod</span> <span class='ocrx_word' id='word_1_289' title='bbox 1419 4735 1483 4797; x_wconf 91' lang='lat' dir='ltr'>sibi</span> 
     </span>
     <span class='ocr_line' id='line_1_42' title="bbox 213 4832 1056 4902; baseline 0.008 -7"><span class='ocrx_word' id='word_1_290' title='bbox 213 4832 345 4895; x_wconf 89' lang='lat' dir='ltr'>llinicha</span> <span class='ocrx_word' id='word_1_291' title='bbox 369 4854 465 4896; x_wconf 91' lang='lat' dir='ltr'>unam</span> <span class='ocrx_word' id='word_1_292' title='bbox 491 4854 629 4898; x_wconf 90' lang='lat' dir='ltr'>marcam</span> <span class='ocrx_word' id='word_1_293' title='bbox 654 4850 816 4900; x_wconf 88' lang='lat' dir='ltr'>teneretur</span> <span class='ocrx_word' id='word_1_294' title='bbox 840 4838 1056 4902; x_wconf 90' lang='lat' dir='ltr'>denariorum.</span> 
     </span>
    </p>
   </div>
   <div class='ocr_carea' id='block_1_11' title="bbox 0 0 1706 5362">
    <p class='ocr_par' dir='ltr' id='par_1_21' title="bbox 0 0 1706 5362">
     <span class='ocr_line' id='line_1_43' title="bbox 0 0 1706 5362; baseline 0 0"><span class='ocrx_word' id='word_1_295' title='bbox 0 0 1706 5362; x_wconf 95' lang='lat' dir='ltr'> </span> 
     </span>
    </p>
   </div>
  </div>
 </body>
</html>
