3404 5362
603 361 803 442 Ann01378.
827 399 871 409 -
894 361 925 426 6.
949 367 1076 439 augusti.
1423 386 1477 444 14¹

320 577 398 639 Item
416 576 524 638 Mathe
549 591 638 637 sutor
662 590 774 638 contra
797 576 1028 657 Dragouanum
1047 592 1161 639 octavo
1186 577 1238 640 die
1262 578 1482 659 respondebit.

320 683 399 744 Item
431 682 706 764 quandocumque
738 681 913 743 Katherina
949 683 1065 744 mulier
1097 683 1137 744 de
1167 698 1273 747 cetero
1305 685 1338 745 in
1370 684 1482 766 aliquo

211 790 300 851 malo
325 790 455 851 inventa
480 788 586 866 fuerit,
610 790 704 850 ambe
728 787 871 850 auricule
896 808 952 851 sue
980 789 1170 851 abcidentur
1195 803 1224 851 et
1249 791 1437 872 expelletur.

319 896 397 959 Item
423 897 500 957 Iuan
526 909 598 977 post
630 895 806 956 adventum
831 894 940 956 Hanse
965 914 1021 976 per
1053 896 1193 958 eundern
1224 896 1334 958 Hanee
1359 912 1390 960 et
1421 896 1482 959 Mi·

212 1000 357 1063 chaelem
383 1015 492 1063 contra
517 1000 758 1083 Wlkouycham
783 1001 932 1062 atestabit
954 1001 1043 1081 quod
1069 1002 1174 1083 ipsum
1199 1003 1437 1084 vituperaverit.

318 1107 396 1169 Item
422 1106 532 1169 Sibich
557 1120 667 1168 contra
693 1106 806 1168 Pasam
831 1107 936 1188 primo
960 1107 1074 1169 citatus
1098 1127 1163 1169 non
1188 1108 1377 1190 comparuit.

321 1213 570 1295 Item,Philipus
595 1212 697 1274 Mauri
725 1211 868 1294 Georgio
891 1210 959 1274 filio
979 1213 1104 1275 Nicolai
1129 1214 1161 1274 in
1187 1214 1360 1295 quindenis
1379 1215 1481 1277 XXIII

211 1338 336 1381 marcas
360 1335 391 1381 et
416 1320 504 1380 LXX
529 1319 679 1381 denarios
704 1319 868 1380 exsolvere
893 1319 1035 1382 debebit.

319 1426 398 1486 Item
422 1424 585 1486 Iohannes
609 1423 774 1487 Chemerii
799 1439 910 1487 contra
929 1424 1104 1508 Gyuanum
1125 1426 1268 1489 secundo
1285 1428 1399 1491 citatus
1415 1449 1480 1491 non

211 1531 405 1611 comparuit.

318 1636 397 1698 Item
422 1637 576 1698 Nitolaus
593 1649 703 1697 contra
728 1636 900 1698 Nicolaum
917 1651 1031 1699 octavo
1053 1637 1104 1698 die
1130 1658 1162 1699 se
1179 1639 1339 1701 secundus
1364 1638 1482 1718 jurabit

212 1741 244 1802 in
270 1760 321 1820 ιο,
346 1742 435 1823 quod
459 1742 527 1824 ipse
551 1761 646 1804 suum
671 1761 791 1823 equum
816 1742 996 1804 voluntarie
1022 1763 1088 1804 non
1113 1744 1336 1807 interemisset.

320 1846 397 1908 Item
424 1847 592 1909 Ladislaus
616 1862 726 1909 contra
743 1846 885 1908 Hemam
900 1847 1043 1928 puellam
1060 1862 1174 1910 octavo
1192 1850 1243 1911 die
1260 1849 1481 1931 respondebit.

321 1953 400 2016 Item
431 1954 507 2036 quia
543 1954 696 2015 Nicolaus
729 1952 927 2015 ZrebenIcha
970 1967 1016 2015 est
1052 1955 1217 2017 convictus
1252 1956 1284 2017 in
1321 1956 1480 2039 vituperio

215 2074 326 2122 contra
351 2059 490 2141 judicem
523 2075 553 2121 et
578 2059 697 2140 juratos
721 2079 778 2141 pro
810 2079 849 2121 eo
873 2060 949 2142 quia
974 2074 1009 2122 ut
1040 2061 1190 2123 dixerunt
1212 2076 1307 2124 testes
1332 2062 1480 2123 dixisset:

211 2167 299 2248 quod
324 2168 428 2230 maior
452 2165 576 2247 justIcia
608 2180 689 2228 esset
720 2166 900 2228 latronibus
930 2186 1029 2247 quam
1058 2166 1137 2245 sibi;
1169 2169 1302 2249 ipseque
1328 2167 1481 2229 NIcolaus

212 2273 314 2354 ipsam
339 2293 467 2335 causam
493 2272 533 2333 ad
556 2272 679 2352 judices
696 2272 848 2353 antiquos
871 2272 1047 2354 appellavit
1063 2287 1095 2335 et
1112 2273 1187 2354 quia
1213 2273 1349 2356 Symoni
1366 2272 1479 2335 sartori

214 2393 281 2440 erat
305 2379 470 2440 convictus
493 2379 527 2439 iu
552 2397 615 2439 una
640 2397 746 2440 marca
778 2378 986 2440 denariorum
1012 2394 1042 2441 et
1065 2377 1163 2459 judici
1188 2378 1294 2441 media
1319 2397 1435 2441 marca.

318 2485 398 2547 Item
422 2505 517 2547 causa
541 2484 667 2546 Nicolai
695 2483 767 2544 ruffi
800 2498 831 2545 et
856 2484 925 2546 Elie
949 2485 1039 2566 parvi
1064 2499 1111 2547 est
1140 2505 1197 2566 per
1222 2485 1360 2566 juratum
1386 2483 1480 2548 JoIan

212 2604 242 2652 et
266 2590 472 2653 Clementem
497 2589 536 2651 ad
561 2603 635 2652 octo
660 2590 729 2651 dies
753 2604 880 2671 recepta
904 2591 945 2652 ad
969 2610 1092 2673 pacem.

319 2696 398 2759 Item
425 2696 576 2778 magister
608 2695 770 2757 Iohannes
803 2695 937 2777 Crispus
968 2710 1078 2758 contra
1112 2695 1289 2778 Georgium
1323 2697 1480 2769 stacIona·

210 2802 305 2882 rium,
339 2803 512 2864 NIcolaum
544 2800 647 2863 filium
671 2801 798 2863 Nicolai
838 2816 869 2863 et
902 2801 1097 2883 Gregorium
1128 2804 1228 2866 tercio
1264 2802 1379 2864 citatus
1414 2821 1480 2863 non

211 2908 391 2990 comparuit
415 2928 473 2970 nec
497 2928 611 2990 perse
636 2927 694 2969 nec
717 2927 775 2989 per
798 2922 1049 2989 procuratorem.

317 3015 396 3076 Item
413 3035 508 3077 causa
540 3014 696 3077 Anthonii
729 3014 832 3077 Reniz
864 3028 896 3076 et
924 3015 1022 3076 luane
1054 3015 1198 3077 mulieris
1222 3030 1268 3077 est
1291 3035 1348 3097 per
1379 3017 1480 3098 magi·

212 3133 311 3182 strum
333 3121 470 3183 Paulum
495 3120 632 3183 edocto
657 3121 726 3181 dies
747 3134 872 3201 recepta
897 3124 937 3181 ad
961 3140 1085 3202 pacem.

263 3338 360 3413 Ieria
386 3351 484 3412 sexta
512 3343 666 3429 proxima
694 3351 771 3430 post
798 3340 922 3412 festum
949 3342 1047 3412 beate
1075 3340 1179 3411 llarie
1207 3340 1412 3428 llagdalene.

755 3494 819 3571 (25.
834 3491 934 3572 julil).

318 3633 429 3696 Primo
454 3654 547 3696 causa
573 3634 715 3715 magistri
747 3634 872 3696 Nicolai
904 3632 961 3695 filii
986 3633 1162 3696 Alexandri
1186 3648 1218 3696 et
1242 3632 1396 3716 Stephani
1420 3632 1478 3695 filii

216 3738 341 3800 Nicolai
364 3738 422 3801 filii
447 3739 581 3822 Chopor
604 3755 650 3802 est
672 3760 730 3822 per
753 3740 1018 3802 communitatem
1042 3740 1081 3801 ad
1107 3740 1286 3821 quiadenas
1307 3754 1478 3822 prorogata

219 3844 258 3906 ad
282 3845 463 3907 exhibenda
487 3846 596 3907 omnia
613 3847 755 3928 ipsorum
776 3846 911 3907 literalia
929 3846 1149 3924 instrumenta,
1167 3846 1192 3907 si
1210 3865 1273 3927 qua
1297 3844 1479 3924 habuerint,

215 3949 280 4012 sine
306 3952 396 4013 omni
421 3951 582 4013 dilacIone
606 3966 637 4014 et
657 3933 1041 4014 dissimulacionecoram
1067 3936 1171 4030 nobis,
1196 3966 1230 4013 ut
1254 3952 1329 4012 visis
1353 3965 1385 4013 et
1407 3971 1478 4033 per·

213 4055 302 4119 lectis
327 4057 473 4139 ipsorum
497 4057 676 4119 literalibus
707 4057 917 4119 munimentis
947 4057 1105 4139 justiciam
1131 4072 1162 4120 et
1192 4057 1349 4138 juditium
1374 4056 1478 4118 Iacere

212 4164 377 4225 valeamus
401 4164 484 4226 inter
506 4178 621 4247 partes.
834 4168 838 4175 '

213 4400 308 4475 lesia
327 4411 426 4474 sexta
446 4405 600 4492 proxima
620 4411 697 4491 post
715 4404 839 4475 festum
859 4404 900 4474 ad
920 4403 1056 4475 vincula
1076 4404 1185 4474 sancti
1206 4362 1299 4473 Petri
1320 4402 1477 4490 apostoli.

732 4554 779 4634 (6.
803 4553 946 4637 augusti.)

316 4695 426 4758 Primo
449 4696 603 4758 Clemens
626 4710 714 4758 sutor
738 4710 847 4758 contra
872 4697 1052 4759 Iohannem
1077 4697 1209 4779 vigilem
1233 4696 1340 4778 primo
1364 4695 1478 4760 citatus

212 4821 276 4865 uon
300 4802 492 4884 comparuit.
