<?xml version="1.0" encoding="UTF-8"?>
<!DOCTYPE html PUBLIC "-//W3C//DTD XHTML 1.0 Transitional//EN"
    "http://www.w3.org/TR/xhtml1/DTD/xhtml1-transitional.dtd">
<html xmlns="http://www.w3.org/1999/xhtml" xml:lang="en" lang="en">
 <head>
  <title>
</title>
<meta http-equiv="Content-Type" content="text/html;charset=utf-8" />
  <meta name='ocr-system' content='tesseract 3.04.00' />
  <meta name='ocr-capabilities' content='ocr_page ocr_carea ocr_par ocr_line ocrx_word'/>
</head>
<body>
  <div class='ocr_page' id='page_1' title='image "./monumentahistor04laszgoog/monumentahistor04laszgoog_0315.png"; bbox 0 0 3404 5362; ppageno 0'>
   <div class='ocr_carea' id='block_1_1' title="bbox 333 326 1644 1558">
    <p class='ocr_par' dir='ltr' id='par_1_1' title="bbox 699 326 1236 404">
     <span class='ocr_line' id='line_1_1' title="bbox 699 326 1236 404; baseline 0.009 -18"><span class='ocrx_word' id='word_1_1' title='bbox 699 330 785 386; x_wconf 72' lang='lat' dir='ltr'><em>Anno</em></span> <span class='ocrx_word' id='word_1_2' title='bbox 808 326 901 404; x_wconf 77' lang='lat'><em>1386.</em></span> <span class='ocrx_word' id='word_1_3' title='bbox 932 364 966 372; x_wconf 91' lang='lat'>-</span> <span class='ocrx_word' id='word_1_4' title='bbox 993 327 1042 390; x_wconf 80' lang='lat'>16.</span> <span class='ocrx_word' id='word_1_5' title='bbox 1066 332 1236 391; x_wconf 83' lang='lat' dir='ltr'><em>novembris.</em></span> 
     </span>
    </p>

    <p class='ocr_par' dir='ltr' id='par_1_2' title="bbox 336 540 1610 729">
     <span class='ocr_line' id='line_1_2' title="bbox 442 540 1610 624; baseline 0.002 -22"><span class='ocrx_word' id='word_1_6' title='bbox 442 540 518 602; x_wconf 89' lang='lat' dir='ltr'>Item</span> <span class='ocrx_word' id='word_1_7' title='bbox 549 559 642 601; x_wconf 87' lang='lat' dir='ltr'>causa</span> <span class='ocrx_word' id='word_1_8' title='bbox 668 541 790 601; x_wconf 77' lang='lat' dir='ltr'>llareni</span> <span class='ocrx_word' id='word_1_9' title='bbox 816 555 925 602; x_wconf 87' lang='lat' dir='ltr'>contra</span> <span class='ocrx_word' id='word_1_10' title='bbox 952 540 1146 621; x_wconf 86' lang='lat' dir='ltr'>Gregorium</span> <span class='ocrx_word' id='word_1_11' title='bbox 1175 542 1308 603; x_wconf 88' lang='lat' dir='ltr'>voschar</span> <span class='ocrx_word' id='word_1_12' title='bbox 1332 543 1372 603; x_wconf 91' lang='lat' dir='ltr'>ad</span> <span class='ocrx_word' id='word_1_13' title='bbox 1398 544 1540 624; x_wconf 90' lang='lat' dir='ltr'>primum</span> <span class='ocrx_word' id='word_1_14' title='bbox 1557 543 1610 623; x_wconf 53' lang='lat' dir='ltr'>ju‘</span> 
     </span>
     <span class='ocr_line' id='line_1_3' title="bbox 336 647 1175 729; baseline 0.002 -22"><span class='ocrx_word' id='word_1_15' title='bbox 336 647 455 707; x_wconf 86' lang='lat' dir='ltr'>dicium</span> <span class='ocrx_word' id='word_1_16' title='bbox 482 661 553 728; x_wconf 90' lang='lat' dir='ltr'>post</span> <span class='ocrx_word' id='word_1_17' title='bbox 577 647 750 708; x_wconf 78' lang='lat' dir='ltr'>adventum</span> <span class='ocrx_word' id='word_1_18' title='bbox 778 648 898 708; x_wconf 85' lang='lat' dir='ltr'>Mareni</span> <span class='ocrx_word' id='word_1_19' title='bbox 925 662 970 708; x_wconf 89' lang='lat' dir='ltr'>est</span> <span class='ocrx_word' id='word_1_20' title='bbox 993 663 1175 729; x_wconf 90' lang='lat' dir='ltr'>prorogata.</span> 
     </span>
    </p>

    <p class='ocr_par' dir='ltr' id='par_1_3' title="bbox 333 753 1610 941">
     <span class='ocr_line' id='line_1_4' title="bbox 441 753 1610 834; baseline 0.002 -21"><span class='ocrx_word' id='word_1_21' title='bbox 441 753 519 814; x_wconf 89' lang='lat' dir='ltr'>Item</span> <span class='ocrx_word' id='word_1_22' title='bbox 537 773 630 814; x_wconf 90' lang='lat' dir='ltr'>causa</span> <span class='ocrx_word' id='word_1_23' title='bbox 657 754 738 814; x_wconf 87' lang='lat' dir='ltr'>Petri</span> <span class='ocrx_word' id='word_1_24' title='bbox 766 753 853 833; x_wconf 88' lang='lat' dir='ltr'>longi</span> <span class='ocrx_word' id='word_1_25' title='bbox 873 767 982 815; x_wconf 90' lang='lat' dir='ltr'>contra</span> <span class='ocrx_word' id='word_1_26' title='bbox 1008 753 1185 834; x_wconf 83' lang='lat' dir='ltr'>Georgium</span> <span class='ocrx_word' id='word_1_27' title='bbox 1212 802 1270 816; x_wconf 92' lang='lat'>...</span> <span class='ocrx_word' id='word_1_28' title='bbox 1296 768 1327 816; x_wconf 92' lang='lat' dir='ltr'>et</span> <span class='ocrx_word' id='word_1_29' title='bbox 1343 754 1483 816; x_wconf 89' lang='lat' dir='ltr'>alterum</span> <span class='ocrx_word' id='word_1_30' title='bbox 1502 753 1610 816; x_wconf 87' lang='lat' dir='ltr'>Geor-</span> 
     </span>
     <span class='ocr_line' id='line_1_5' title="bbox 333 860 1019 941; baseline 0.001 -22"><span class='ocrx_word' id='word_1_31' title='bbox 333 860 424 939; x_wconf 90' lang='lat' dir='ltr'>gium</span> <span class='ocrx_word' id='word_1_32' title='bbox 449 880 552 940; x_wconf 89' lang='lat' dir='ltr'>usque</span> <span class='ocrx_word' id='word_1_33' title='bbox 577 874 650 921; x_wconf 90' lang='lat' dir='ltr'>octo</span> <span class='ocrx_word' id='word_1_34' title='bbox 676 860 743 920; x_wconf 90' lang='lat' dir='ltr'>dies</span> <span class='ocrx_word' id='word_1_35' title='bbox 767 873 813 921; x_wconf 91' lang='lat' dir='ltr'>est</span> <span class='ocrx_word' id='word_1_36' title='bbox 837 873 1019 941; x_wconf 86' lang='lat' dir='ltr'>prorogata.</span> 
     </span>
    </p>

    <p class='ocr_par' dir='ltr' id='par_1_4' title="bbox 334 965 1623 1152">
     <span class='ocr_line' id='line_1_6' title="bbox 442 965 1623 1048; baseline 0.003 -24"><span class='ocrx_word' id='word_1_37' title='bbox 442 965 519 1025; x_wconf 90' lang='lat' dir='ltr'>Item</span> <span class='ocrx_word' id='word_1_38' title='bbox 546 965 629 1025; x_wconf 84' lang='lat' dir='ltr'>Iwan</span> <span class='ocrx_word' id='word_1_39' title='bbox 655 966 790 1026; x_wconf 89' lang='lat' dir='ltr'>clericus</span> <span class='ocrx_word' id='word_1_40' title='bbox 814 985 872 1046; x_wconf 90' lang='lat' dir='ltr'>pro</span> <span class='ocrx_word' id='word_1_41' title='bbox 906 965 1037 1027; x_wconf 91' lang='lat' dir='ltr'>vulnere</span> <span class='ocrx_word' id='word_1_42' title='bbox 1070 967 1226 1026; x_wconf 89' lang='lat' dir='ltr'>consortis</span> <span class='ocrx_word' id='word_1_43' title='bbox 1249 966 1332 1026; x_wconf 90' lang='lat' dir='ltr'>Petri</span> <span class='ocrx_word' id='word_1_44' title='bbox 1368 966 1477 1027; x_wconf 88' lang='lat' dir='ltr'>eidem</span> <span class='ocrx_word' id='word_1_45' title='bbox 1504 987 1623 1048; x_wconf 72' lang='lat' dir='ltr'>usque</span> 
     </span>
     <span class='ocr_line' id='line_1_7' title="bbox 334 1071 964 1152; baseline 0.002 -20"><span class='ocrx_word' id='word_1_46' title='bbox 334 1071 514 1152; x_wconf 85' lang='lat' dir='ltr'>quIndenas</span> <span class='ocrx_word' id='word_1_47' title='bbox 540 1072 683 1152; x_wconf 89' lang='lat' dir='ltr'>quinque</span> <span class='ocrx_word' id='word_1_48' title='bbox 706 1091 828 1132; x_wconf 90' lang='lat' dir='ltr'>marcas</span> <span class='ocrx_word' id='word_1_49' title='bbox 851 1071 964 1133; x_wconf 89' lang='lat' dir='ltr'>solvet.</span> 
     </span>
    </p>

    <p class='ocr_par' dir='ltr' id='par_1_5' title="bbox 337 1177 1630 1365">
     <span class='ocr_line' id='line_1_8' title="bbox 441 1177 1630 1260; baseline 0.003 -23"><span class='ocrx_word' id='word_1_50' title='bbox 441 1178 519 1238; x_wconf 89' lang='lat' dir='ltr'>Item</span> <span class='ocrx_word' id='word_1_51' title='bbox 546 1198 624 1238; x_wconf 87' lang='lat' dir='ltr'>uxor</span> <span class='ocrx_word' id='word_1_52' title='bbox 650 1177 804 1238; x_wconf 89' lang='lat' dir='ltr'>Iohannis</span> <span class='ocrx_word' id='word_1_53' title='bbox 829 1191 942 1239; x_wconf 87' lang='lat' dir='ltr'>octavo</span> <span class='ocrx_word' id='word_1_54' title='bbox 976 1178 1026 1237; x_wconf 90' lang='lat' dir='ltr'>die</span> <span class='ocrx_word' id='word_1_55' title='bbox 1059 1178 1200 1239; x_wconf 87' lang='lat' dir='ltr'>secundo</span> <span class='ocrx_word' id='word_1_56' title='bbox 1225 1198 1257 1239; x_wconf 89' lang='lat' dir='ltr'>se</span> <span class='ocrx_word' id='word_1_57' title='bbox 1290 1177 1409 1257; x_wconf 79' lang='lat' dir='ltr'>jurabit</span> <span class='ocrx_word' id='word_1_58' title='bbox 1433 1199 1533 1260; x_wconf 85' lang='lat' dir='ltr'>super</span> <span class='ocrx_word' id='word_1_59' title='bbox 1556 1199 1630 1256; x_wconf 71' lang='lat' dir='ltr'>eo,</span> 
     </span>
     <span class='ocr_line' id='line_1_9' title="bbox 337 1283 968 1365; baseline 0.002 -20"><span class='ocrx_word' id='word_1_60' title='bbox 337 1284 426 1364; x_wconf 90' lang='lat' dir='ltr'>quod</span> <span class='ocrx_word' id='word_1_61' title='bbox 451 1285 551 1365; x_wconf 85' lang='lat' dir='ltr'><strong>ipsam</strong></span> <span class='ocrx_word' id='word_1_62' title='bbox 577 1283 735 1345; x_wconf 90' lang='lat' dir='ltr'>Janchech</span> <span class='ocrx_word' id='word_1_63' title='bbox 761 1285 968 1347; x_wconf 83' lang='lat' dir='ltr'><strong>vulnerasset.</strong></span> 
     </span>
    </p>

    <p class='ocr_par' dir='ltr' id='par_1_6' title="bbox 334 1390 1644 1558">
     <span class='ocr_line' id='line_1_10' title="bbox 442 1390 1644 1472; baseline 0.002 -22"><span class='ocrx_word' id='word_1_64' title='bbox 442 1391 519 1452; x_wconf 86' lang='lat' dir='ltr'>Item</span> <span class='ocrx_word' id='word_1_65' title='bbox 545 1391 706 1451; x_wconf 86' lang='lat' dir='ltr'>Iohannes</span> <span class='ocrx_word' id='word_1_66' title='bbox 725 1392 868 1452; x_wconf 80' lang='lat' dir='ltr'>literatus</span> <span class='ocrx_word' id='word_1_67' title='bbox 891 1405 1004 1451; x_wconf 89' lang='lat' dir='ltr'>octavo</span> <span class='ocrx_word' id='word_1_68' title='bbox 1029 1391 1080 1450; x_wconf 91' lang='lat' dir='ltr'>die</span> <span class='ocrx_word' id='word_1_69' title='bbox 1098 1410 1248 1472; x_wconf 89' lang='lat' dir='ltr'>supereo</span> <span class='ocrx_word' id='word_1_70' title='bbox 1266 1390 1395 1471; x_wconf 81' lang='lat' dir='ltr'>jurabit,</span> <span class='ocrx_word' id='word_1_71' title='bbox 1420 1392 1512 1472; x_wconf 93' lang='lat' dir='ltr'>quod</span> <span class='ocrx_word' id='word_1_72' title='bbox 1531 1412 1644 1452; x_wconf 80' lang='lat' dir='ltr'>con-·</span> 
     </span>
     <span class='ocr_line' id='line_1_11' title="bbox 334 1495 1153 1558; baseline 0.001 -2"><span class='ocrx_word' id='word_1_73' title='bbox 334 1498 410 1558; x_wconf 91' lang='lat' dir='ltr'>sorti</span> <span class='ocrx_word' id='word_1_74' title='bbox 437 1517 492 1557; x_wconf 91' lang='lat' dir='ltr'>sue</span> <span class='ocrx_word' id='word_1_75' title='bbox 519 1496 632 1557; x_wconf 89' lang='lat' dir='ltr'>Gallus</span> <span class='ocrx_word' id='word_1_76' title='bbox 657 1497 793 1558; x_wconf 86' lang='lat' dir='ltr'>misisset</span> <span class='ocrx_word' id='word_1_77' title='bbox 822 1511 884 1557; x_wconf 85' lang='lat' dir='ltr'>tres</span> <span class='ocrx_word' id='word_1_78' title='bbox 910 1495 979 1557; x_wconf 86' lang='lat' dir='ltr'>flor.</span> <span class='ocrx_word' id='word_1_79' title='bbox 1006 1498 1037 1556; x_wconf 93' lang='lat' dir='ltr'>in</span> <span class='ocrx_word' id='word_1_80' title='bbox 1063 1516 1153 1558; x_wconf 89' lang='lat' dir='ltr'>auro.</span> 
     </span>
    </p>
   </div>
   <div class='ocr_carea' id='block_1_2' title="bbox 482 1713 1449 1944">
    <p class='ocr_par' dir='ltr' id='par_1_7' title="bbox 482 1713 1449 1944">
     <span class='ocr_line' id='line_1_12' title="bbox 482 1713 1449 1805; baseline -0.002 -19"><span class='ocrx_word' id='word_1_81' title='bbox 482 1713 578 1786; x_wconf 85' lang='lat' dir='ltr'>Feria</span> <span class='ocrx_word' id='word_1_82' title='bbox 608 1724 704 1787; x_wconf 83' lang='lat' dir='ltr'>sexta</span> <span class='ocrx_word' id='word_1_83' title='bbox 733 1719 886 1804; x_wconf 85' lang='lat' dir='ltr'>proxima</span> <span class='ocrx_word' id='word_1_84' title='bbox 915 1724 993 1805; x_wconf 88' lang='lat' dir='ltr'>post</span> <span class='ocrx_word' id='word_1_85' title='bbox 1020 1717 1144 1788; x_wconf 85' lang='lat' dir='ltr'>festum</span> <span class='ocrx_word' id='word_1_86' title='bbox 1172 1719 1282 1789; x_wconf 88' lang='lat' dir='ltr'>sancti</span> <span class='ocrx_word' id='word_1_87' title='bbox 1312 1716 1449 1789; x_wconf 88' lang='lat' dir='ltr'>Btiecii.</span> 
     </span>
     <span class='ocr_line' id='line_1_13' title="bbox 831 1867 1100 1944; baseline 0.011 -18"><span class='ocrx_word' id='word_1_88' title='bbox 831 1867 894 1942; x_wconf 82' lang='lat'>(16.</span> <span class='ocrx_word' id='word_1_89' title='bbox 919 1871 1100 1944; x_wconf 83' lang='lat' dir='ltr'>novembris).</span> 
     </span>
    </p>
   </div>
   <div class='ocr_carea' id='block_1_3' title="bbox 331 2009 1603 4208">
    <p class='ocr_par' dir='ltr' id='par_1_8' title="bbox 334 2009 1602 2197">
     <span class='ocr_line' id='line_1_14' title="bbox 443 2009 1602 2090; baseline 0 -22"><span class='ocrx_word' id='word_1_90' title='bbox 443 2009 519 2069; x_wconf 93' lang='lat' dir='ltr'>Item</span> <span class='ocrx_word' id='word_1_91' title='bbox 545 2022 639 2070; x_wconf 86' lang='lat' dir='ltr'>testes</span> <span class='ocrx_word' id='word_1_92' title='bbox 663 2029 790 2070; x_wconf 90' lang='lat' dir='ltr'>causam</span> <span class='ocrx_word' id='word_1_93' title='bbox 817 2009 965 2090; x_wconf 86' lang='lat' dir='ltr'>Gregorii</span> <span class='ocrx_word' id='word_1_94' title='bbox 999 2010 1111 2070; x_wconf 90' lang='lat' dir='ltr'>decani</span> <span class='ocrx_word' id='word_1_95' title='bbox 1137 2023 1246 2070; x_wconf 91' lang='lat' dir='ltr'>contra</span> <span class='ocrx_word' id='word_1_96' title='bbox 1273 2009 1477 2070; x_wconf 86' lang='lat' dir='ltr'>Clementem</span> <span class='ocrx_word' id='word_1_97' title='bbox 1504 2010 1602 2090; x_wconf 89' lang='lat' dir='ltr'>pisca·</span> 
     </span>
     <span class='ocr_line' id='line_1_15' title="bbox 334 2115 1211 2197; baseline 0.002 -22"><span class='ocrx_word' id='word_1_98' title='bbox 334 2129 435 2175; x_wconf 90' lang='lat' dir='ltr'>torem</span> <span class='ocrx_word' id='word_1_99' title='bbox 461 2115 499 2174; x_wconf 92' lang='lat' dir='ltr'>ad</span> <span class='ocrx_word' id='word_1_100' title='bbox 525 2128 674 2175; x_wconf 91' lang='lat' dir='ltr'>octavum</span> <span class='ocrx_word' id='word_1_101' title='bbox 700 2115 786 2176; x_wconf 72' lang='lat' dir='ltr'>cllem</span> <span class='ocrx_word' id='word_1_102' title='bbox 812 2117 851 2176; x_wconf 93' lang='lat' dir='ltr'>ad</span> <span class='ocrx_word' id='word_1_103' title='bbox 877 2136 987 2197; x_wconf 84' lang='lat' dir='ltr'>pacem</span> <span class='ocrx_word' id='word_1_104' title='bbox 1013 2130 1211 2196; x_wconf 88' lang='lat' dir='ltr'>receperunt.</span> 
     </span>
    </p>

    <p class='ocr_par' dir='ltr' id='par_1_9' title="bbox 333 2221 1599 2515">
     <span class='ocr_line' id='line_1_16' title="bbox 440 2221 1598 2302; baseline 0 -20"><span class='ocrx_word' id='word_1_105' title='bbox 440 2222 517 2282; x_wconf 88' lang='lat' dir='ltr'>Item</span> <span class='ocrx_word' id='word_1_106' title='bbox 543 2241 635 2282; x_wconf 89' lang='lat' dir='ltr'>causa</span> <span class='ocrx_word' id='word_1_107' title='bbox 662 2221 815 2286; x_wconf 85' lang='lat' dir='ltr'>Iohannis</span> <span class='ocrx_word' id='word_1_108' title='bbox 840 2221 895 2283; x_wconf 86' lang='lat' dir='ltr'>filii</span> <span class='ocrx_word' id='word_1_109' title='bbox 923 2223 1000 2283; x_wconf 86' lang='lat' dir='ltr'>Bole</span> <span class='ocrx_word' id='word_1_110' title='bbox 1025 2237 1134 2283; x_wconf 89' lang='lat' dir='ltr'>contra</span> <span class='ocrx_word' id='word_1_111' title='bbox 1160 2223 1334 2283; x_wconf 91' lang='lat' dir='ltr'>Martinum</span> <span class='ocrx_word' id='word_1_112' title='bbox 1360 2221 1456 2302; x_wconf 88' lang='lat' dir='ltr'>Piper</span> <span class='ocrx_word' id='word_1_113' title='bbox 1481 2222 1521 2282; x_wconf 87' lang='lat' dir='ltr'>ad</span> <span class='ocrx_word' id='word_1_114' title='bbox 1547 2241 1598 2282; x_wconf 92' lang='lat' dir='ltr'>oc-</span> 
     </span>
     <span class='ocr_line' id='line_1_17' title="bbox 335 2327 1599 2409; baseline -0.001 -18"><span class='ocrx_word' id='word_1_115' title='bbox 335 2343 444 2391; x_wconf 91' lang='lat' dir='ltr'>tavum</span> <span class='ocrx_word' id='word_1_116' title='bbox 476 2327 561 2387; x_wconf 92' lang='lat' dir='ltr'>diem</span> <span class='ocrx_word' id='word_1_117' title='bbox 595 2343 640 2387; x_wconf 91' lang='lat' dir='ltr'>est</span> <span class='ocrx_word' id='word_1_118' title='bbox 671 2343 858 2409; x_wconf 85' lang='lat' dir='ltr'>prorogata,</span> <span class='ocrx_word' id='word_1_119' title='bbox 891 2329 979 2409; x_wconf 90' lang='lat' dir='ltr'>quod</span> <span class='ocrx_word' id='word_1_120' title='bbox 1011 2329 1077 2390; x_wconf 91' lang='lat' dir='ltr'>sive</span> <span class='ocrx_word' id='word_1_121' title='bbox 1110 2329 1240 2389; x_wconf 85' lang='lat' dir='ltr'>veniant</span> <span class='ocrx_word' id='word_1_122' title='bbox 1271 2327 1337 2387; x_wconf 86' lang='lat' dir='ltr'>sive</span> <span class='ocrx_word' id='word_1_123' title='bbox 1369 2345 1457 2404; x_wconf 87' lang='lat' dir='ltr'>non,</span> <span class='ocrx_word' id='word_1_124' title='bbox 1491 2343 1599 2390; x_wconf 91' lang='lat' dir='ltr'>tamen</span> 
     </span>
     <span class='ocr_line' id='line_1_18' title="bbox 333 2432 1052 2515; baseline 0.004 -20"><span class='ocrx_word' id='word_1_125' title='bbox 333 2433 429 2495; x_wconf 87' lang='lat' dir='ltr'>finem</span> <span class='ocrx_word' id='word_1_126' title='bbox 455 2433 573 2494; x_wconf 88' lang='lat' dir='ltr'>debent</span> <span class='ocrx_word' id='word_1_127' title='bbox 598 2432 700 2494; x_wconf 87' lang='lat' dir='ltr'>lacere</span> <span class='ocrx_word' id='word_1_128' title='bbox 726 2436 756 2493; x_wconf 92' lang='lat' dir='ltr'>in</span> <span class='ocrx_word' id='word_1_129' title='bbox 782 2454 875 2495; x_wconf 89' lang='lat' dir='ltr'>causa</span> <span class='ocrx_word' id='word_1_130' title='bbox 901 2435 1052 2515; x_wconf 90' lang='lat' dir='ltr'>predicta.</span> 
     </span>
    </p>

    <p class='ocr_par' dir='ltr' id='par_1_10' title="bbox 333 2540 1603 2812">
     <span class='ocr_line' id='line_1_19' title="bbox 440 2540 1603 2624; baseline 0.003 -25"><span class='ocrx_word' id='word_1_131' title='bbox 440 2540 516 2600; x_wconf 88' lang='lat' dir='ltr'>Item</span> <span class='ocrx_word' id='word_1_132' title='bbox 553 2560 645 2600; x_wconf 88' lang='lat' dir='ltr'>causa</span> <span class='ocrx_word' id='word_1_133' title='bbox 682 2540 812 2600; x_wconf 86' lang='lat' dir='ltr'>domine</span> <span class='ocrx_word' id='word_1_134' title='bbox 849 2561 958 2602; x_wconf 88' lang='lat' dir='ltr'>socrus</span> <span class='ocrx_word' id='word_1_135' title='bbox 990 2541 1145 2602; x_wconf 88' lang='lat' dir='ltr'>Iohannis</span> <span class='ocrx_word' id='word_1_136' title='bbox 1169 2541 1267 2602; x_wconf 89' lang='lat' dir='ltr'>Vasas</span> <span class='ocrx_word' id='word_1_137' title='bbox 1299 2556 1409 2604; x_wconf 89' lang='lat' dir='ltr'>contra</span> <span class='ocrx_word' id='word_1_138' title='bbox 1445 2557 1603 2624; x_wconf 89' lang='lat' dir='ltr'>cognatos</span> 
     </span>
     <span class='ocr_line' id='line_1_20' title="bbox 334 2646 1602 2729; baseline 0.005 -23"><span class='ocrx_word' id='word_1_139' title='bbox 334 2646 435 2727; x_wconf 90' lang='lat' dir='ltr'>ipsius</span> <span class='ocrx_word' id='word_1_140' title='bbox 460 2646 615 2705; x_wconf 85' lang='lat' dir='ltr'>Iohannis</span> <span class='ocrx_word' id='word_1_141' title='bbox 640 2659 684 2706; x_wconf 87' lang='lat' dir='ltr'>est</span> <span class='ocrx_word' id='word_1_142' title='bbox 707 2666 807 2725; x_wconf 85' lang='lat' dir='ltr'>usque</span> <span class='ocrx_word' id='word_1_143' title='bbox 831 2661 904 2708; x_wconf 89' lang='lat' dir='ltr'>octo</span> <span class='ocrx_word' id='word_1_144' title='bbox 930 2648 998 2709; x_wconf 89' lang='lat' dir='ltr'>dies</span> <span class='ocrx_word' id='word_1_145' title='bbox 1027 2662 1206 2729; x_wconf 89' lang='lat' dir='ltr'>prorogata,</span> <span class='ocrx_word' id='word_1_146' title='bbox 1233 2662 1266 2709; x_wconf 92' lang='lat' dir='ltr'>ut</span> <span class='ocrx_word' id='word_1_147' title='bbox 1289 2663 1365 2710; x_wconf 92' lang='lat' dir='ltr'>tunc</span> <span class='ocrx_word' id='word_1_148' title='bbox 1390 2650 1602 2712; x_wconf 88' lang='lat' dir='ltr'>instrumenta</span> 
     </span>
     <span class='ocr_line' id='line_1_21' title="bbox 333 2750 789 2812; baseline -0.002 0"><span class='ocrx_word' id='word_1_149' title='bbox 333 2750 502 2812; x_wconf 86' lang='lat' dir='ltr'>exhibeant</span> <span class='ocrx_word' id='word_1_150' title='bbox 527 2750 594 2809; x_wconf 88' lang='lat' dir='ltr'>sine</span> <span class='ocrx_word' id='word_1_151' title='bbox 619 2750 789 2812; x_wconf 88' lang='lat' dir='ltr'>dilacione.</span> 
     </span>
    </p>

    <p class='ocr_par' dir='ltr' id='par_1_11' title="bbox 335 2856 1601 3044">
     <span class='ocr_line' id='line_1_22' title="bbox 439 2856 1601 2942; baseline 0.009 -28"><span class='ocrx_word' id='word_1_152' title='bbox 439 2857 515 2916; x_wconf 87' lang='lat' dir='ltr'>Item</span> <span class='ocrx_word' id='word_1_153' title='bbox 542 2856 686 2938; x_wconf 78' lang='lat' dir='ltr'>Mathyas</span> <span class='ocrx_word' id='word_1_154' title='bbox 707 2857 826 2935; x_wconf 79' lang='lat' dir='ltr'>iuratus</span> <span class='ocrx_word' id='word_1_155' title='bbox 843 2874 952 2920; x_wconf 91' lang='lat' dir='ltr'>contra</span> <span class='ocrx_word' id='word_1_156' title='bbox 971 2861 1141 2921; x_wconf 82' lang='lat' dir='ltr'>Nicolaum</span> <span class='ocrx_word' id='word_1_157' title='bbox 1159 2861 1263 2942; x_wconf 90' lang='lat' dir='ltr'>primo</span> <span class='ocrx_word' id='word_1_158' title='bbox 1287 2862 1402 2924; x_wconf 89' lang='lat' dir='ltr'>citatus</span> <span class='ocrx_word' id='word_1_159' title='bbox 1422 2882 1489 2924; x_wconf 91' lang='lat' dir='ltr'>non</span> <span class='ocrx_word' id='word_1_160' title='bbox 1515 2882 1601 2924; x_wconf 91' lang='lat' dir='ltr'>com·</span> 
     </span>
     <span class='ocr_line' id='line_1_23' title="bbox 335 2963 450 3044; baseline 0.009 -21"><span class='ocrx_word' id='word_1_161' title='bbox 335 2963 450 3044; x_wconf 89' lang='lat' dir='ltr'>paruit.</span> 
     </span>
    </p>

    <p class='ocr_par' dir='ltr' id='par_1_12' title="bbox 334 3066 1600 3254">
     <span class='ocr_line' id='line_1_24' title="bbox 439 3066 1600 3155; baseline 0.007 -26"><span class='ocrx_word' id='word_1_162' title='bbox 439 3068 515 3129; x_wconf 90' lang='lat' dir='ltr'>Item</span> <span class='ocrx_word' id='word_1_163' title='bbox 552 3066 648 3127; x_wconf 81' lang='lat' dir='ltr'>Wolf</span> <span class='ocrx_word' id='word_1_164' title='bbox 681 3084 789 3130; x_wconf 89' lang='lat' dir='ltr'>contra</span> <span class='ocrx_word' id='word_1_165' title='bbox 827 3071 1006 3131; x_wconf 87' lang='lat' dir='ltr'>Iohannem</span> <span class='ocrx_word' id='word_1_166' title='bbox 1045 3072 1200 3134; x_wconf 89' lang='lat' dir='ltr'>Hermani</span> <span class='ocrx_word' id='word_1_167' title='bbox 1240 3074 1344 3155; x_wconf 88' lang='lat' dir='ltr'>primo</span> <span class='ocrx_word' id='word_1_168' title='bbox 1385 3075 1501 3137; x_wconf 90' lang='lat' dir='ltr'>citatus</span> <span class='ocrx_word' id='word_1_169' title='bbox 1537 3096 1600 3136; x_wconf 92' lang='lat' dir='ltr'>non</span> 
     </span>
     <span class='ocr_line' id='line_1_25' title="bbox 334 3175 897 3254; baseline 0.004 -20"><span class='ocrx_word' id='word_1_170' title='bbox 334 3175 522 3254; x_wconf 82' lang='lat' dir='ltr'>comparuit.</span> <span class='ocrx_word' id='word_1_171' title='bbox 893 3246 897 3251; x_wconf 25' lang='lat'>¹</span> 
     </span>
    </p>

    <p class='ocr_par' dir='ltr' id='par_1_13' title="bbox 333 3280 1599 3467">
     <span class='ocr_line' id='line_1_26' title="bbox 440 3280 1599 3349; baseline 0.008 -9"><span class='ocrx_word' id='word_1_172' title='bbox 440 3280 517 3340; x_wconf 90' lang='lat' dir='ltr'>Item</span> <span class='ocrx_word' id='word_1_173' title='bbox 542 3281 679 3341; x_wconf 87' lang='lat' dir='ltr'>Iacobus</span> <span class='ocrx_word' id='word_1_174' title='bbox 705 3281 829 3342; x_wconf 91' lang='lat' dir='ltr'>institor</span> <span class='ocrx_word' id='word_1_175' title='bbox 862 3298 971 3343; x_wconf 88' lang='lat' dir='ltr'>contra</span> <span class='ocrx_word' id='word_1_176' title='bbox 1004 3284 1184 3345; x_wconf 86' lang='lat' dir='ltr'>Iohannem</span> <span class='ocrx_word' id='word_1_177' title='bbox 1217 3285 1360 3347; x_wconf 89' lang='lat' dir='ltr'>secundo</span> <span class='ocrx_word' id='word_1_178' title='bbox 1395 3287 1509 3349; x_wconf 91' lang='lat' dir='ltr'>citatus</span> <span class='ocrx_word' id='word_1_179' title='bbox 1535 3308 1599 3349; x_wconf 91' lang='lat' dir='ltr'>non</span> 
     </span>
     <span class='ocr_line' id='line_1_27' title="bbox 333 3387 522 3467; baseline 0.011 -21"><span class='ocrx_word' id='word_1_180' title='bbox 333 3387 522 3467; x_wconf 89' lang='lat' dir='ltr'>comparuit.</span> 
     </span>
    </p>

    <p class='ocr_par' dir='ltr' id='par_1_14' title="bbox 438 3493 1598 3582">
     <span class='ocr_line' id='line_1_28' title="bbox 438 3493 1598 3582; baseline 0.008 -30"><span class='ocrx_word' id='word_1_181' title='bbox 438 3493 514 3553; x_wconf 90' lang='lat' dir='ltr'>Item</span> <span class='ocrx_word' id='word_1_182' title='bbox 536 3494 659 3554; x_wconf 87' lang='lat' dir='ltr'>Blasius</span> <span class='ocrx_word' id='word_1_183' title='bbox 677 3493 764 3554; x_wconf 84' lang='lat' dir='ltr'>faber</span> <span class='ocrx_word' id='word_1_184' title='bbox 777 3509 887 3555; x_wconf 90' lang='lat' dir='ltr'>contra</span> <span class='ocrx_word' id='word_1_185' title='bbox 902 3496 1060 3556; x_wconf 87' lang='lat' dir='ltr'>Briccium</span> <span class='ocrx_word' id='word_1_186' title='bbox 1074 3497 1179 3578; x_wconf 91' lang='lat' dir='ltr'>primo</span> <span class='ocrx_word' id='word_1_187' title='bbox 1196 3498 1310 3560; x_wconf 90' lang='lat' dir='ltr'>citatus</span> <span class='ocrx_word' id='word_1_188' title='bbox 1325 3518 1391 3559; x_wconf 93' lang='lat' dir='ltr'>non</span> <span class='ocrx_word' id='word_1_189' title='bbox 1409 3501 1598 3582; x_wconf 88' lang='lat' dir='ltr'>comparuit.</span> 
     </span>
    </p>

    <p class='ocr_par' dir='ltr' id='par_1_15' title="bbox 332 3598 1598 3785">
     <span class='ocr_line' id='line_1_29' title="bbox 438 3598 1598 3684; baseline 0.008 -26"><span class='ocrx_word' id='word_1_190' title='bbox 438 3599 515 3659; x_wconf 91' lang='lat' dir='ltr'>Item</span> <span class='ocrx_word' id='word_1_191' title='bbox 544 3598 703 3679; x_wconf 86' lang='lat' dir='ltr'>Georgius</span> <span class='ocrx_word' id='word_1_192' title='bbox 731 3600 808 3679; x_wconf 88' lang='lat' dir='ltr'>vigil</span> <span class='ocrx_word' id='word_1_193' title='bbox 841 3615 949 3661; x_wconf 88' lang='lat' dir='ltr'>contra</span> <span class='ocrx_word' id='word_1_194' title='bbox 984 3603 1220 3683; x_wconf 88' lang='lat' dir='ltr'>Margaretham</span> <span class='ocrx_word' id='word_1_195' title='bbox 1252 3604 1357 3684; x_wconf 90' lang='lat' dir='ltr'>primo</span> <span class='ocrx_word' id='word_1_196' title='bbox 1386 3605 1502 3667; x_wconf 89' lang='lat' dir='ltr'>citatus</span> <span class='ocrx_word' id='word_1_197' title='bbox 1534 3626 1598 3667; x_wconf 91' lang='lat' dir='ltr'>non</span> 
     </span>
     <span class='ocr_line' id='line_1_30' title="bbox 332 3705 520 3785; baseline 0.005 -20"><span class='ocrx_word' id='word_1_198' title='bbox 332 3705 520 3785; x_wconf 88' lang='lat' dir='ltr'>comparuit.</span> 
     </span>
    </p>

    <p class='ocr_par' dir='ltr' id='par_1_16' title="bbox 332 3809 1599 3999">
     <span class='ocr_line' id='line_1_31' title="bbox 437 3809 1599 3896; baseline 0.009 -28"><span class='ocrx_word' id='word_1_199' title='bbox 437 3809 514 3869; x_wconf 92' lang='lat' dir='ltr'>Item</span> <span class='ocrx_word' id='word_1_200' title='bbox 540 3829 633 3870; x_wconf 89' lang='lat' dir='ltr'>causa</span> <span class='ocrx_word' id='word_1_201' title='bbox 666 3811 820 3872; x_wconf 76' lang='lat' dir='ltr'>Anthonii</span> <span class='ocrx_word' id='word_1_202' title='bbox 854 3815 970 3873; x_wconf 90' lang='lat' dir='ltr'>sutoris</span> <span class='ocrx_word' id='word_1_203' title='bbox 1004 3827 1112 3874; x_wconf 92' lang='lat' dir='ltr'>contra</span> <span class='ocrx_word' id='word_1_204' title='bbox 1146 3813 1341 3896; x_wconf 88' lang='lat' dir='ltr'>Gregorium</span> <span class='ocrx_word' id='word_1_205' title='bbox 1375 3816 1534 3878; x_wconf 90' lang='lat' dir='ltr'>decanum</span> <span class='ocrx_word' id='word_1_206' title='bbox 1560 3818 1599 3878; x_wconf 93' lang='lat' dir='ltr'>ad</span> 
     </span>
     <span class='ocr_line' id='line_1_32' title="bbox 332 3914 927 3999; baseline 0.008 -24"><span class='ocrx_word' id='word_1_207' title='bbox 332 3929 405 3975; x_wconf 94' lang='lat' dir='ltr'>octo</span> <span class='ocrx_word' id='word_1_208' title='bbox 431 3914 498 3974; x_wconf 89' lang='lat' dir='ltr'>dies</span> <span class='ocrx_word' id='word_1_209' title='bbox 522 3914 561 3974; x_wconf 91' lang='lat' dir='ltr'>ad</span> <span class='ocrx_word' id='word_1_210' title='bbox 586 3935 697 3995; x_wconf 91' lang='lat' dir='ltr'>pacem</span> <span class='ocrx_word' id='word_1_211' title='bbox 724 3931 770 3978; x_wconf 91' lang='lat' dir='ltr'>est</span> <span class='ocrx_word' id='word_1_212' title='bbox 792 3933 927 3999; x_wconf 86' lang='lat' dir='ltr'>recepta.</span> 
     </span>
    </p>

    <p class='ocr_par' dir='ltr' id='par_1_17' title="bbox 331 4020 1598 4208">
     <span class='ocr_line' id='line_1_33' title="bbox 440 4020 1598 4111; baseline 0.009 -32"><span class='ocrx_word' id='word_1_213' title='bbox 440 4020 517 4080; x_wconf 89' lang='lat' dir='ltr'>Item</span> <span class='ocrx_word' id='word_1_214' title='bbox 544 4021 708 4082; x_wconf 87' lang='lat' dir='ltr'>Emeticus</span> <span class='ocrx_word' id='word_1_215' title='bbox 733 4042 866 4104; x_wconf 87' lang='lat' dir='ltr'>arcupar</span> <span class='ocrx_word' id='word_1_216' title='bbox 896 4040 1005 4085; x_wconf 91' lang='lat' dir='ltr'>contra</span> <span class='ocrx_word' id='word_1_217' title='bbox 1031 4025 1201 4087; x_wconf 87' lang='lat' dir='ltr'>Nicolaum</span> <span class='ocrx_word' id='word_1_218' title='bbox 1235 4028 1391 4089; x_wconf 90' lang='lat' dir='ltr'>decanum</span> <span class='ocrx_word' id='word_1_219' title='bbox 1418 4029 1525 4111; x_wconf 81' lang='lat' dir='ltr'>ptImo</span> <span class='ocrx_word' id='word_1_220' title='bbox 1557 4030 1598 4090; x_wconf 86' lang='lat' dir='ltr'>ci-</span> 
     </span>
     <span class='ocr_line' id='line_1_34' title="bbox 331 4128 717 4208; baseline 0.008 -23"><span class='ocrx_word' id='word_1_221' title='bbox 331 4139 414 4186; x_wconf 90' lang='lat' dir='ltr'>tatus</span> <span class='ocrx_word' id='word_1_222' title='bbox 438 4145 501 4185; x_wconf 93' lang='lat' dir='ltr'>non</span> <span class='ocrx_word' id='word_1_223' title='bbox 528 4128 717 4208; x_wconf 90' lang='lat' dir='ltr'>comparuit.</span> 
     </span>
    </p>
   </div>
   <div class='ocr_carea' id='block_1_4' title="bbox 333 4232 1599 4418">
    <p class='ocr_par' dir='ltr' id='par_1_18' title="bbox 333 4232 1599 4418">
     <span class='ocr_line' id='line_1_35' title="bbox 438 4232 1599 4321; baseline 0.012 -31"><span class='ocrx_word' id='word_1_224' title='bbox 438 4232 516 4292; x_wconf 91' lang='lat' dir='ltr'>Item</span> <span class='ocrx_word' id='word_1_225' title='bbox 554 4233 637 4293; x_wconf 82' lang='lat' dir='ltr'>Iwan</span> <span class='ocrx_word' id='word_1_226' title='bbox 674 4234 832 4294; x_wconf 89' lang='lat' dir='ltr'>Wrouich</span> <span class='ocrx_word' id='word_1_227' title='bbox 865 4250 973 4296; x_wconf 89' lang='lat' dir='ltr'>contra</span> <span class='ocrx_word' id='word_1_228' title='bbox 1007 4239 1208 4318; x_wconf 90' lang='lat' dir='ltr'>Mychaelem</span> <span class='ocrx_word' id='word_1_229' title='bbox 1241 4240 1346 4321; x_wconf 91' lang='lat' dir='ltr'>primo</span> <span class='ocrx_word' id='word_1_230' title='bbox 1384 4241 1500 4303; x_wconf 90' lang='lat' dir='ltr'>citatus</span> <span class='ocrx_word' id='word_1_231' title='bbox 1533 4262 1599 4303; x_wconf 92' lang='lat' dir='ltr'>non</span> 
     </span>
     <span class='ocr_line' id='line_1_36' title="bbox 333 4338 522 4418; baseline 0.005 -21"><span class='ocrx_word' id='word_1_232' title='bbox 333 4338 522 4418; x_wconf 89' lang='lat' dir='ltr'>comparuit.</span> 
     </span>
    </p>
   </div>
   <div class='ocr_carea' id='block_1_5' title="bbox 332 4442 1600 4632">
    <p class='ocr_par' dir='ltr' id='par_1_19' title="bbox 332 4442 1600 4632">
     <span class='ocr_line' id='line_1_37' title="bbox 438 4442 1600 4535; baseline 0.011 -34"><span class='ocrx_word' id='word_1_233' title='bbox 438 4442 515 4503; x_wconf 93' lang='lat' dir='ltr'>Item</span> <span class='ocrx_word' id='word_1_234' title='bbox 544 4444 706 4505; x_wconf 88' lang='lat' dir='ltr'>Iohannes</span> <span class='ocrx_word' id='word_1_235' title='bbox 731 4445 813 4506; x_wconf 89' lang='lat' dir='ltr'>filius</span> <span class='ocrx_word' id='word_1_236' title='bbox 847 4447 1000 4508; x_wconf 87' lang='lat' dir='ltr'>Hermani</span> <span class='ocrx_word' id='word_1_237' title='bbox 1034 4464 1142 4510; x_wconf 90' lang='lat' dir='ltr'>contra</span> <span class='ocrx_word' id='word_1_238' title='bbox 1165 4450 1252 4511; x_wconf 85' lang='lat' dir='ltr'>Iwan</span> <span class='ocrx_word' id='word_1_239' title='bbox 1281 4450 1517 4533; x_wconf 90' lang='lat' dir='ltr'>carpentarium</span> <span class='ocrx_word' id='word_1_240' title='bbox 1542 4473 1600 4535; x_wconf 90' lang='lat' dir='ltr'>per</span> 
     </span>
     <span class='ocr_line' id='line_1_38' title="bbox 332 4547 1338 4632; baseline 0.012 -26"><span class='ocrx_word' id='word_1_241' title='bbox 332 4547 471 4607; x_wconf 87' lang='lat' dir='ltr'>Brumen</span> <span class='ocrx_word' id='word_1_242' title='bbox 497 4547 692 4610; x_wconf 77' lang='lat' dir='ltr'>aurifabrum</span> <span class='ocrx_word' id='word_1_243' title='bbox 717 4566 746 4612; x_wconf 92' lang='lat' dir='ltr'>et</span> <span class='ocrx_word' id='word_1_244' title='bbox 771 4572 942 4632; x_wconf 85' lang='lat' dir='ltr'>preconem</span> <span class='ocrx_word' id='word_1_245' title='bbox 968 4568 1081 4617; x_wconf 89' lang='lat' dir='ltr'>octavo</span> <span class='ocrx_word' id='word_1_246' title='bbox 1106 4556 1157 4616; x_wconf 90' lang='lat' dir='ltr'>die</span> <span class='ocrx_word' id='word_1_247' title='bbox 1182 4557 1338 4619; x_wconf 89' lang='lat' dir='ltr'>atestabit.</span> 
     </span>
    </p>
   </div>
   <div class='ocr_carea' id='block_1_6' title="bbox 332 4653 1598 4840">
    <p class='ocr_par' dir='ltr' id='par_1_20' title="bbox 332 4653 1598 4840">
     <span class='ocr_line' id='line_1_39' title="bbox 438 4653 1598 4742; baseline 0.011 -29"><span class='ocrx_word' id='word_1_248' title='bbox 438 4653 514 4715; x_wconf 90' lang='lat' dir='ltr'>Item</span> <span class='ocrx_word' id='word_1_249' title='bbox 545 4655 726 4737; x_wconf 88' lang='lat' dir='ltr'>Stephanus</span> <span class='ocrx_word' id='word_1_250' title='bbox 750 4658 879 4740; x_wconf 89' lang='lat' dir='ltr'>sellipar</span> <span class='ocrx_word' id='word_1_251' title='bbox 903 4676 1012 4722; x_wconf 92' lang='lat' dir='ltr'>contra</span> <span class='ocrx_word' id='word_1_252' title='bbox 1038 4662 1186 4742; x_wconf 88' lang='lat' dir='ltr'>Hapazca</span> <span class='ocrx_word' id='word_1_253' title='bbox 1216 4663 1358 4724; x_wconf 89' lang='lat' dir='ltr'>secundo</span> <span class='ocrx_word' id='word_1_254' title='bbox 1391 4662 1506 4725; x_wconf 88' lang='lat' dir='ltr'>citatus</span> <span class='ocrx_word' id='word_1_255' title='bbox 1532 4684 1598 4727; x_wconf 90' lang='lat' dir='ltr'>non</span> 
     </span>
     <span class='ocr_line' id='line_1_40' title="bbox 332 4760 520 4840; baseline 0.021 -22"><span class='ocrx_word' id='word_1_256' title='bbox 332 4760 520 4840; x_wconf 88' lang='lat' dir='ltr'>comparuit.</span> 
     </span>
    </p>
   </div>
   <div class='ocr_carea' id='block_1_7' title="bbox 0 0 1706 5362">
    <p class='ocr_par' dir='ltr' id='par_1_21' title="bbox 0 0 1706 5362">
     <span class='ocr_line' id='line_1_41' title="bbox 0 0 1706 5362; baseline 0 0"><span class='ocrx_word' id='word_1_257' title='bbox 0 0 1706 5362; x_wconf 95' lang='lat' dir='ltr'> </span> 
     </span>
    </p>
   </div>
  </div>
 </body>
</html>
