3404 5362
329 372 387 432 166
727 373 814 430 Anno
836 368 929 449 1382.
953 386 1070 448 -14.
1094 372 1203 432 πιανῶ.

324 584 412 665 quod
434 583 540 647 dictus
564 584 746 666 Stephanus
773 605 868 667 super
900 598 1019 666 quanta
1044 584 1221 666 quantitate
1245 583 1382 664 pecunie
1406 581 1489 644 infra
1514 581 1587 643 duas

323 709 438 772 pensas
461 690 669 752 denariorum
693 705 808 752 octavo
834 691 885 752 die
902 690 1030 770 jurabit,
1047 689 1109 751 hoc
1132 689 1218 750 idem
1234 688 1421 750 Anthonius
1444 688 1506 750 sibi
1522 707 1588 770 per·

323 794 447 857 solvere
472 796 614 858 deberet.

501 1013 597 1086 Feria
626 1023 724 1086 sexta
762 1019 916 1103 proxima
944 1025 1022 1088 ante
1050 1017 1251 1088 dominicam
1279 1016 1408 1088 letare.

844 1166 910 1246 (14.
933 1167 1062 1247 martit).

429 1307 507 1368 ltem
532 1306 692 1388 Georgius
715 1323 824 1369 contra
849 1309 1030 1370 Johannem
1059 1309 1230 1390 Hlebopelr
1255 1309 1360 1391 primo
1384 1309 1499 1370 citatus
1524 1328 1589 1370 non

323 1414 513 1495 comparuit.

428 1519 507 1580 Item
532 1519 708 1600 Gregorius
732 1518 827 1581 frater
852 1520 1000 1581 Damiani
1029 1521 1137 1583 literas
1160 1541 1233 1582 suas
1258 1521 1408 1602 antiquas
1433 1534 1464 1582 et
1488 1541 1589 1584 novas

322 1639 437 1688 octavo
469 1626 521 1686 die
553 1639 662 1687 contra
694 1625 859 1686 dominam
890 1624 1022 1687 luanam
1054 1628 1233 1708 producere
1265 1641 1297 1689 et
1320 1627 1353 1687 in
1384 1625 1510 1707 judicio
1534 1646 1589 1708 po·

323 1751 398 1792 nere
426 1731 531 1794 debet.

428 1836 506 1898 Item
532 1856 624 1897 causa
650 1837 734 1898 Petri
759 1839 866 1919 magni
891 1853 1001 1900 contra
1034 1839 1218 1901 Emericum
1243 1857 1436 1921 arcuparum
1470 1838 1511 1899 ad
1536 1858 1588 1900 oc-

321 1956 432 2005 tavum
456 1943 542 2004 diem
566 1942 607 2004 ad
630 1963 744 2025 pacem
768 1960 813 2006 est
838 1960 975 2027 recepta.

429 2048 506 2109 Item
531 2048 715 2111 Anthonius
740 2051 838 2111 Renis
862 2064 973 2113 contra
991 2050 1191 2132 Stephanum
1208 2050 1311 2112 filium
1330 2051 1421 2113 Pauli
1446 2065 1521 2133 post
1536 2050 1590 2112 ad-

322 2168 455 2217 ventum
478 2174 571 2215 suum
598 2155 630 2215 in
655 2156 760 2237 primo
784 2156 904 2237 judicio
928 2156 1123 2238 respondere
1148 2156 1253 2218 debet.

429 2261 506 2322 ltem
532 2261 695 2322 lohannes
719 2261 890 2342 Hlebopek
911 2275 1021 2323 contra
1046 2261 1245 2345 Stephanum
1264 2262 1394 2326 fratrem
1418 2263 1510 2325 Pauli
1527 2263 1590 2344 jam

322 2366 443 2428 dictum
469 2381 583 2428 octavo
608 2367 660 2427 die
683 2367 901 2449 respondebit.

428 2473 506 2534 ltem
531 2492 624 2534 causa
649 2474 804 2534 lobannis
828 2473 925 2534 Liber
948 2486 1058 2536 contra
1087 2474 1151 2535 Res
1173 2494 1230 2557 per
1253 2489 1349 2537 testes
1373 2475 1414 2537 ad
1439 2490 1590 2538 octavum

322 2579 409 2640 diem
434 2579 473 2639 ad
498 2597 609 2660 pacem
635 2593 681 2639 est
709 2594 846 2661 recepta.

428 2684 507 2745 ltem
532 2684 614 2744 lovan
645 2684 747 2745 Joffan
767 2687 904 2747 condam
930 2686 1049 2768 juratus
1082 2700 1192 2749 contra
1225 2688 1380 2749 Jacobum
1405 2688 1590 2751 carnificem

322 2790 427 2872 primo
459 2790 572 2851 citatus
603 2810 667 2851 non
692 2793 881 2873 comparuit.

428 2897 506 2958 ltem
531 2916 624 2958 causa
649 2897 765 2979 Jalrlyn
789 2914 898 2960 contra
932 2899 1117 2961 Ladislaum
1143 2900 1279 2963 condam
1305 2899 1447 2981 judicem
1471 2902 1513 2963 ad
1538 2922 1591 2965 oc·

321 3017 431 3065 tavum
456 3003 542 3063 diem
566 3003 606 3063 ad
631 3023 742 3084 pacem
768 3019 815 3066 est
839 3020 976 3086 recepta.

428 3108 505 3171 ltem
530 3109 641 3170 Petrus
666 3129 801 3190 magnus
825 3111 932 3171 literas
955 3111 1194 3173 suasexhibere
1218 3112 1314 3174 debet
1338 3127 1449 3175 contra
1474 3113 1591 3176 Fabia·

321 3235 400 3277 num
424 3215 596 3294 literatum,
629 3229 660 3277 et
690 3217 791 3277 eciam
815 3217 840 3277 si
864 3216 1004 3299 placebit
1020 3218 1242 3280 testimonium
1275 3218 1448 3297 adducere,
1472 3232 1504 3282 et
1526 3218 1589 3282 hoc

321 3336 435 3383 octavo
469 3322 529 3385 die.

427 3426 505 3488 Item
531 3427 643 3489 Petrus
667 3426 806 3488 famulus
832 3427 989 3509 Delasych
1016 3429 1047 3490 in
1072 3430 1175 3511 prima
1200 3429 1278 3492 feria
1301 3445 1388 3493 sexta
1404 3443 1479 3512 post
1494 3452 1591 3494 suum

320 3533 495 3596 adventum
519 3554 614 3615 super
638 3548 755 3614 quanta
786 3534 962 3614 quantitate
992 3536 1126 3616 pecunie
1147 3536 1275 3617 jurabit,
1299 3537 1361 3600 hoc
1379 3536 1512 3600 Lachlro
1529 3539 1589 3600 sibi

321 3640 493 3723 persolvet,
518 3654 549 3701 et
574 3641 634 3701 hoc
659 3639 740 3702 infra
765 3654 838 3701 octo
863 3660 987 3722 pensas.

428 3747 506 3808 ltem
523 3766 616 3808 causa
631 3747 785 3808 Johannis
796 3746 853 3808 filii
873 3748 1048 3829 Mychaelis
1064 3750 1201 3811 condam
1219 3750 1461 3812 tricesimatoris
1477 3765 1590 3814 contra

321 3853 438 3936 Gyuan
461 3853 725 3914 tricesimatorem
749 3854 789 3914 ad
814 3866 963 3915 octavum
996 3855 1082 3917 diem
1107 3855 1147 3917 ad
1173 3875 1284 3938 pacem
1310 3871 1357 3919 est
1380 3871 1520 3940 recepta.

426 3958 504 4020 ltem
531 3958 676 4042 Mathyas
700 3959 820 4039 juratus
845 3973 876 4020 et
899 3960 1037 4021 condam
1054 3961 1150 4041 judex
1175 3982 1277 4044 usque
1302 3963 1485 4044 quindenas
1505 3965 1590 4025 Mar·

318 4064 449 4146 garethe
481 4066 618 4126 consorti
652 4065 792 4148 Philippi
817 4085 852 4127 ac
876 4065 982 4127 lovane
1014 4069 1153 4129 consorti
1186 4069 1271 4130 lovan
1295 4089 1354 4131 nec
1379 4088 1446 4130 non
1471 4069 1588 4132 Blaselc

320 4185 352 4233 et
373 4171 535 4233 Clementi
568 4191 604 4232 ac
637 4171 837 4252 Margarethe
869 4173 964 4234 debet
996 4174 1121 4236 solvere
1153 4173 1235 4237 infra
1267 4175 1439 4237 duodecim
1464 4196 1592 4238 marcas

320 4277 536 4354 denariorum,
560 4297 619 4338 nec
644 4299 709 4339 non
734 4279 876 4341 ecclesiis
899 4296 1019 4341 sextam
1043 4295 1177 4362 partem.

425 4383 503 4445 Item
522 4384 633 4444 Petrus
654 4398 755 4445 sartor
779 4399 890 4448 contra
915 4386 1070 4448 Mathiam
1102 4403 1257 4450 sartorem
1282 4389 1351 4450 sola
1374 4408 1431 4450 sua
1456 4388 1489 4450 in
1515 4410 1587 4472 per·

319 4507 397 4550 sona
421 4503 536 4550 octavo
561 4490 613 4550 die
637 4510 732 4571 super
756 4510 806 4568 eo,
831 4491 919 4572 quod
943 4493 1046 4573 ipsum
1072 4512 1136 4554 non
1168 4495 1389 4576 vituperasset,
1413 4493 1543 4576 jurabit.

426 4596 503 4656 ltem
528 4595 629 4656 Herih
653 4595 783 4678 pellifex
801 4617 856 4680 per
871 4610 977 4675 testes,
994 4598 1144 4660 videlicet
1170 4600 1275 4678 Kone,
1300 4600 1460 4680 Tblralch,
1485 4601 1586 4663 Male·

319 4719 453 4783 nyczam
478 4715 592 4763 octavo
617 4702 668 4763 die
700 4702 760 4764 hoc
795 4703 952 4782 atestabit,
984 4705 1072 4784 quod
1098 4705 1205 4767 Bartol
1239 4707 1378 4789 lapicida
1402 4720 1586 4769 consortem

318 4806 418 4889 ipsius
444 4808 545 4869 Herih
570 4808 779 4890 vituperasset
804 4825 834 4871 et
857 4811 1010 4873 trusisset.
