3404 5362
215 315 257 375 24
627 295 713 350 Anno
736 302 824 368 1375.
848 325 891 334 -
915 287 966 352 18.
991 292 1071 350 maii.

320 509 398 570 Item
422 506 508 568 Vido
532 504 618 567 lilius
642 505 779 567 condam
804 504 875 566 Elie
906 502 1088 564 stacionarii
1113 515 1224 564 contra
1251 501 1423 565 Nicolaum
1449 503 1481 565 li-

214 616 294 678 lium
319 613 409 675 Pauli
435 611 475 674 de
500 611 654 673 Orbouch
685 631 718 672 se
750 625 856 672 sextus
879 628 973 670 suum
1005 607 1221 689 juramentum
1254 611 1479 692 sollempniter

215 736 249 782 ut
273 708 385 782 debuit
408 717 568 800 deposuit.

319 825 398 887 Item
424 823 605 906 Stephanus
629 836 738 883 contra
764 821 948 882 Chernkam
978 832 1093 882 octavo
1118 818 1170 881 die
1195 820 1415 902 respondebit.

320 949 398 1012 Item
422 945 591 1009 Chernech
616 959 725 1006 contra
750 944 929 1005 Iohannem
947 944 1052 1026 primo
1069 944 1183 1005 citatus
1205 962 1271 1004 non
1290 944 1484 1025 comparuit.

322 1054 399 1117 Item
424 1051 608 1114 Anthonius
641 1050 789 1132 Zitarych
822 1062 931 1110 contra
966 1048 1119 1111 Mathiam
1152 1047 1351 1111 aurifabrum
1377 1049 1483 1131 primo

214 1162 329 1224 citatus
353 1180 416 1223 non
443 1157 633 1240 comparuit.

320 1266 397 1328 Item
423 1284 516 1326 causa
541 1261 720 1325 Clementis
747 1261 864 1323 sutoris
896 1275 928 1323 et
959 1261 1042 1322 Petri
1067 1274 1113 1322 est
1136 1281 1192 1344 per
1221 1274 1316 1323 testes
1340 1260 1380 1323 ad
1407 1276 1481 1325 octo

214 1372 283 1434 dies
307 1385 432 1452 recepta
456 1372 497 1433 ad
519 1388 642 1452 pacem.

319 1478 396 1539 Item
430 1497 523 1538 causa
556 1475 667 1537 Jacobi
699 1472 846 1556 pellificis
881 1488 912 1534 et
943 1473 1080 1535 Korardi
1114 1487 1159 1536 est
1191 1493 1247 1556 per
1280 1473 1483 1556 Stephanum

214 1585 351 1648 condam
376 1583 514 1664 juratum
538 1581 578 1642 ad
602 1595 676 1642 octo
701 1579 769 1641 dies
792 1592 918 1662 recepta
943 1579 983 1641 ad
1007 1599 1131 1661 pacem.

319 1707 396 1768 Item
421 1719 535 1767 octavo
568 1702 620 1764 die
651 1703 790 1765 lacobus
820 1701 951 1786 pellifex
975 1722 1031 1785 per
1065 1704 1256 1786 Dyonisium
1281 1719 1312 1765 et
1337 1704 1482 1787 Filipum

213 1825 323 1875 contra
355 1813 491 1874 Curram
523 1810 816 1872 molendinatorem
849 1809 1004 1891 producet
1036 1810 1268 1888 testimonium,
1304 1811 1393 1891 quod
1419 1811 1480 1872 sibi

213 1920 357 2001 quinque
376 1937 491 1999 pensas
515 1936 588 1978 cum
612 1916 718 1977 media
736 1915 868 1978 nomine
893 1913 1094 1976 fideiussorio
1119 1915 1246 1977 debitor
1268 1916 1434 1978 extitisset.

320 2043 398 2102 Item
423 2060 516 2102 causa
541 2039 696 2101 Anthonii
713 2038 830 2100 sutoris
856 2051 886 2099 et
903 2037 1059 2099 Iohannis
1083 2053 1130 2101 est
1153 2059 1210 2120 per
1226 2054 1321 2102 testes
1345 2040 1385 2100 ad
1404 2054 1482 2102 octo

214 2148 283 2209 dies
307 2160 432 2229 recepta
457 2147 496 2208 ad
521 2166 644 2228 pacem.

319 2253 396 2314 Item
422 2272 515 2313 causa
541 2251 687 2314 Merclini
724 2265 756 2314 et
787 2251 916 2312 Thome
948 2266 995 2313 est
1026 2252 1066 2313 ad
1091 2253 1271 2333 quindenas
1308 2266 1482 2335 prorogata

216 2376 275 2439 pro
299 2358 433 2420 cautela.

319 2464 396 2525 Item
422 2482 514 2524 causa
550 2462 658 2523 Jacobi
691 2460 818 2540 medici,
852 2460 996 2524 Franche
1028 2475 1059 2523 et
1083 2462 1236 2546 Gyurgek
1261 2477 1308 2525 est
1331 2484 1389 2547 per
1413 2469 1481 2526 An·

214 2569 324 2630 dream
351 2568 488 2629 condam
513 2567 649 2648 juratum
676 2567 716 2628 ad
740 2582 812 2629 octo
837 2567 906 2628 dies
930 2582 1056 2650 recepta
1080 2569 1120 2630 ad
1144 2588 1267 2651 pacem.

320 2691 398 2752 Item
430 2691 567 2753 Jacobus
599 2691 728 2773 pelliIex
762 2705 870 2754 contra
900 2694 991 2754 Mark
1023 2706 1136 2756 octavo
1169 2695 1221 2756 die
1251 2697 1401 2759 atestabit
1425 2717 1483 2779 per

214 2797 413 2859 Borouinam
439 2812 469 2858 et
494 2797 679 2874 Martinum‚
703 2798 791 2879 quod
816 2799 920 2881 ipsum
945 2801 1092 2882 turpibus
1115 2801 1221 2862 verbis
1244 2800 1412 2865 affecisset.

319 2903 399 2966 Item
423 2903 605 2965 Anthonius
631 2904 753 2965 Jursich
782 2919 893 2967 contra
927 2907 1047 2967 Lucam
1072 2905 1341 2990 juratumprimo
1366 2909 1483 2971 citatus

214 3028 279 3071 non
302 3009 491 3091 comparuit.

319 3115 395 3177 Item
421 3135 515 3177 causa
541 3115 694 3197 Stephani
720 3129 750 3178 et
768 3116 897 3178 Martini
923 3131 969 3177 est
984 3136 1041 3199 per
1066 3117 1237 3178 Nicolaum
1254 3119 1294 3180 ad
1319 3133 1394 3182 octo
1412 3120 1483 3183 dics

215 3234 342 3304 recepta
366 3221 406 3282 ad
430 3240 552 3303 pacem.

318 3344 396 3406 Item
421 3357 536 3406 octavo
560 3344 611 3406 die
637 3344 800 3407 Corardus
823 3365 879 3427 per
911 3346 1087 3409 Henricum
1112 3348 1284 3431 pellificem
1309 3365 1340 3413 et
1365 3351 1480 3434 Voryh

213 3448 373 3532 (figulum)
398 3451 554 3527 atestabit,
579 3451 667 3532 quod
690 3452 757 3533 ipse
771 3451 930 3533 Mychaeli
948 3455 1108 3538 Damyani
1133 3456 1239 3518 debita
1263 3457 1482 3539 persolvisset.

318 3554 395 3616 Item
420 3556 497 3617 Iuan
523 3556 631 3618 SibIch
655 3571 763 3618 contra
789 3558 974 3638 Dragonam
999 3576 1113 3623 octavo
1138 3562 1189 3623 die
1214 3563 1434 3644 respondebit.

319 3662 397 3724 Item
431 3663 553 3724 Dicaua
586 3676 694 3724 contra
726 3665 925 3746 Mychaelem
958 3667 1118 3750 Damyani
1149 3669 1254 3750 primo
1286 3668 1381 3730 citata
1412 3689 1481 3732 non

214 3768 403 3851 comparuit.

318 3874 395 3936 Item
420 3875 567 3957 Mychael
591 3877 749 3959 Damyani
776 3893 906 3960 propter
928 3878 1092 3960 quandam
1118 3881 1301 3963 potenciam
1329 3895 1376 3943 est
1400 3902 1481 3945 con·

213 3981 314 4042 victus
338 3980 370 4041 in
394 3981 423 4041 X
447 3982 580 4058 marcis;
605 3983 671 4064 ipse
696 3999 804 4046 autem
826 3986 972 4067 Mychael
998 3987 1099 4069 ipsam
1117 4008 1243 4049 causam
1268 3987 1309 4049 ad
1326 3989 1481 4071 antiquos

212 4085 335 4168 judices
358 4088 543 4169 appellavit.

318 4209 395 4271 Item
421 4231 514 4272 causa
538 4216 631 4273 Anne
664 4228 694 4275 et
718 4214 801 4276 Petri
834 4229 880 4276 est
903 4215 944 4276 ad
975 4231 1048 4280 octo
1080 4218 1148 4278 dies
1173 4238 1228 4299 per
1258 4218 1381 4301 judices
1404 4241 1482 4303 pro·

212 4329 334 4395 rogata.

318 4420 395 4483 Item
421 4423 608 4506 Damyanus
632 4424 671 4486 de
696 4426 831 4489 Rabuch
854 4441 967 4491 octavo
992 4429 1044 4490 die
1069 4431 1303 4512 quinquaginta
1328 4433 1481 4497 homines

213 4525 371 4589 adducere
396 4528 492 4591 debet
515 4544 546 4593 et
568 4531 657 4592 XXV
682 4535 825 4613 personis
849 4554 944 4617 super
974 4533 1092 4597 Iuahen
1118 4554 1352 4600 sacramentum
1378 4538 1480 4622 depo·

211 4651 287 4693 nere
313 4633 343 4693 in
370 4653 421 4712 eo,
444 4635 531 4716 quod
560 4657 637 4697 suus
661 4636 711 4699 Iur
743 4654 774 4700 et
798 4640 879 4701 latro
903 4641 1073 4716 extitisset;
1099 4657 1129 4703 et
1161 4643 1292 4706 dcrnum
1317 4645 1479 4725 justiciam

213 4735 367 4800 iaciemus
391 4740 421 4800 in
448 4743 618 4821 premissis.
