3404 5362
602 394 797 470 Ann01377.
823 426 862 435 -
888 407 937 453 10.
961 394 1074 466 aprilis.
1431 392 1470 474 83

314 606 393 668 Item
419 605 495 686 quIa
525 604 699 687 Dyonisius
731 603 878 666 sacerdos
909 615 1019 665 contra
1043 604 1122 665 WIk
1146 604 1178 664 in
1210 603 1395 665 testimonio
1419 603 1472 664 de·

216 711 294 790 lerit,
319 733 396 793 ergo
422 730 549 773 causam
573 710 723 792 perdidit.

312 818 391 878 Item
429 818 541 878 Marko
577 816 691 877 Putaui
725 830 835 878 contra
867 814 1046 895 Georgium
1085 815 1227 876 secundo
1263 816 1376 878 citatus
1407 834 1474 877 non

213 925 397 1006 comparuit.

296 1160 395 1234 Feria
423 1169 523 1232 sexta
550 1164 705 1251 proxima
733 1168 811 1250 post
838 1169 978 1232 octavas
1005 1161 1084 1233 festi
1114 1161 1217 1233 Pasce
1246 1161 1380 1232 domini.

733 1333 797 1406 (10.
815 1330 941 1409 aprilis).

310 1491 420 1552 PrImo
446 1510 539 1551 causa
570 1489 733 1551 Valentini
759 1504 789 1551 et
814 1490 944 1550 Markus
968 1503 1014 1550 est
1042 1510 1097 1571 per
1129 1489 1302 1551 Nicolaum
1336 1490 1472 1551 condam

212 1597 346 1677 judicem
374 1612 404 1658 et
422 1597 612 1658 Mauricium
631 1596 670 1657 ad
688 1610 761 1657 octo
778 1595 846 1657 dies
871 1609 995 1678 recepta
1020 1596 1059 1657 ad
1078 1616 1209 1678 pacem;
1235 1610 1265 1658 et
1282 1616 1339 1678 pro
1357 1596 1472 1669 eodem

212 1705 337 1766 IIarkus
359 1703 564 1765 fideiussores
581 1703 752 1764 extiterunt
775 1704 833 1763 sub
859 1722 941 1784 pena
957 1702 1046 1763 XXV
1064 1721 1244 1764 marcarum
1267 1702 1473 1764 denari0rum

212 1812 233 1872 si
256 1811 362 1892 ipsum
388 1810 508 1891 judicio
533 1823 715 1892 presentare
740 1829 805 1871 non
829 1822 967 1891 possent.

310 1917 388 1978 Item
414 1936 507 1978 causa
539 1917 622 1978 Petri
656 1929 688 1976 et
718 1916 846 1977 Tomke
878 1915 1022 1977 mulieris
1054 1928 1100 1977 est
1130 1896 1187 1997 per
1217 1914 1409 1977 Budizlaum
1443 1929 1474 1978 et

211 2022 375 2083 Nicolaum
399 2021 439 2082 ad
463 2036 536 2083 octo
561 2021 631 2082 dies
654 2035 781 2103 recepta
806 2020 846 2082 ad
872 2040 994 2102 pacem.

310 2127 389 2188 Item
415 2126 553 2209 Bulsych
579 2141 611 2189 et
635 2126 808 2209 Plathcycb
833 2140 943 2187 contra
966 2125 1135 2187 dominum
1165 2126 1335 2187 Nicolaum
1361 2126 1473 2208 pleba-

213 2252 283 2294 num
307 2233 415 2315 prImo
439 2233 524 2294 citati
550 2252 615 2294 non
641 2245 899 2314 comparuerunt.

312 2356 391 2418 Item
425 2376 517 2417 causa
551 2356 661 2418 Sibich
693 2371 724 2418 et
748 2356 903 2418 Iohannis
934 2357 1033 2417 Pazar
1066 2369 1113 2417 est
1136 2376 1192 2437 per
1224 2356 1408 2437 Dragonam
1442 2371 1474 2419 et

215 2462 322 2524 Paulas
347 2463 386 2524 ad
412 2478 485 2525 octo
510 2462 578 2525 dies
602 2477 729 2545 recepta
753 2463 793 2525 ad
822 2483 945 2545 pacem.

312 2570 392 2631 Item
429 2569 605 2651 Gregorius
640 2584 750 2632 contra
786 2569 964 2650 Georgium
1000 2569 1138 2651 juratum
1176 2583 1290 2630 octavo
1322 2570 1374 2631 die
1411 2590 1474 2632 res·

216 2676 390 2756 spondebit.

311 2782 390 2843 Item
416 2782 572 2843 Martinus
597 2781 767 2862 Zequiricb
801 2792 911 2842 contra
935 2780 1105 2842 Nicolaum
1139 2781 1244 2862 primo
1272 2781 1384 2843 citatus
1409 2802 1474 2844 non

217 2889 397 2971 comparuit.

313 2993 393 3054 Item
418 3012 512 3054 causa
535 2992 678 3074 magistri
697 2993 787 3054 Pauli
805 3006 836 3054 et
860 2994 960 3054 Marci
977 2992 1093 3054 Putaui
1110 2993 1237 3054 racione
1256 2992 1474 3055 ordinacionis

218 3111 245 3160 ut
267 3100 371 3181 ipsum
398 3098 611 3161 interficerent
635 3113 681 3161 est
696 3120 753 3182 per
776 3112 872 3161 testes
895 3100 935 3160 ad
960 3098 1140 3181 quindenas
1163 3115 1344 3181 prorogata.

314 3205 392 3266 Item
418 3205 571 3267 Crisanus
596 3220 705 3267 contra
738 3207 866 3268 Petrum
900 3206 1091 3287 Hungarum
1124 3207 1229 3287 primo
1260 3207 1374 3268 citatus
1408 3226 1474 3268 non

220 3311 399 3393 comparuit.

313 3417 391 3478 Item
417 3436 511 3477 causa
545 3417 643 3478 Marci
678 3432 708 3479 et
740 3416 873 3499 Georgii
902 3433 947 3480 est
979 3438 1035 3500 per
1059 3417 1253 3499 Gregorium
1286 3418 1402 3500 Angeli
1433 3419 1474 3480 ad

220 3523 388 3601 quindenas
412 3536 537 3605 recepta
562 3523 600 3584 ad
628 3543 751 3605 pacem.

313 3630 391 3691 Item
425 3630 514 3690 Mark
546 3629 661 3691 Putaui
694 3644 803 3691 contra
829 3631 897 3690 Kus
929 3631 960 3690 in
993 3629 1167 3710 quindenis
1191 3648 1248 3711 per
1283 3628 1411 3691 Petrum
1444 3643 1476 3693 et

220 3732 387 3797 Iohannem
405 3735 552 3797 atestabit
575 3736 662 3817 quod
680 3737 740 3797 sibi
757 3751 896 3817 quatuor
913 3735 1062 3797 denarios
1078 3736 1218 3797 dedisset
1240 3735 1368 3796 racione
1386 3737 1474 3817 quod

220 3839 268 3902 sibi
294 3842 379 3903 idem
406 3842 474 3902 Kus
498 3841 529 3902 in
555 3842 696 3923 quadam
720 3841 819 3902 domo
844 3840 954 3903 lenum
979 3841 1142 3923 deponere
1167 3840 1316 3903 dedisset.

314 3967 393 4027 Item
418 3965 549 4027 domina
574 3966 702 4026 Iwanka
727 3964 890 4046 Stephano
915 3966 1059 4048 predicto
1085 3965 1122 4026 III
1147 3986 1270 4027 marcas
1294 3980 1325 4028 et
1348 3979 1476 4047 septua-

219 4071 296 4149 ginta
322 4073 467 4153 quinque
491 4072 641 4134 denarios
673 4071 767 4153 plene
798 4072 969 4154 persolvit,
994 4092 1088 4154 super
1120 4073 1237 4153 quibus
1263 4072 1364 4153 ipsam
1388 4091 1476 4134 corn·

221 4178 296 4240 misit
320 4178 513 4260 expeditam.

316 4285 394 4346 Item
427 4284 540 4366 Iaklyn
574 4298 684 4346 contra
717 4283 823 4344 Mathe
855 4304 911 4365 per
943 4285 1112 4345 Miclinum
1144 4299 1298 4346 sartorem
1330 4285 1477 4347 ostendet

220 4403 325 4450 octavo
350 4389 402 4449 die
426 4389 513 4470 quod
540 4389 644 4471 ipsum
669 4389 814 4471 turpibus
838 4389 942 4451 verbis
964 4404 1193 4471 pertractasset.

318 4496 395 4558 Item
416 4495 597 4557 Marchicha
614 4510 723 4558 contra
740 4497 896 4557 Iakouam
913 4497 1055 4559 secundo
1073 4499 1186 4559 citatus
1203 4517 1268 4559 non
1286 4498 1476 4579 comparuit.

318 4601 395 4663 Item
421 4601 532 4663 Petrus
557 4616 666 4663 contra
692 4601 798 4663 Lachk
824 4604 928 4684 primo
959 4604 1072 4665 citatus
1096 4624 1160 4664 non
1183 4603 1372 4685 comparuit.

316 4726 395 4787 Item
420 4727 574 4788 Nicolaus
606 4726 690 4788 lilius
721 4727 847 4788 Crisani
879 4742 990 4789 contra
1014 4728 1192 4789 iohannem
1226 4728 1331 4810 primo
1364 4728 1477 4790 citatus

221 4846 279 4891 non
303 4831 493 4914 comparuit.

1358 4918 1371 4946 Ὀ
