3404 5362
643 352 844 434 Ann01385.
869 390 909 400 —
934 371 964 418 2.
980 355 1074 436 junii
1439 377 1498 440 235

340 569 418 632 Item
448 567 535 650 quod
561 567 636 648 quia
661 566 824 629 lohannes
855 565 940 629 filius
963 568 1054 630 Pauli
1088 569 1225 630 condam
1250 568 1371 649 juratus
1403 588 1500 650 quam

231 675 342 757 sepius
366 675 460 737 nobis
485 675 516 735 in
542 692 582 735 eo
605 673 842 754 querimoniam
867 675 1019 756 porrexit,
1044 689 1079 736 ut
1097 675 1202 757 ipsum
1227 674 1361 755 quidam
1378 674 1500 737 inimici

231 781 278 842 sui
305 781 412 864 ipsum
436 779 540 841 noctis
564 779 596 840 in
613 777 749 842 silencio
766 779 952 861 nequiciose
969 780 1090 842 vellent
1107 779 1296 859 interficere,
1322 781 1395 843 ideo
1413 800 1500 843 com·

232 887 380 948 misimus
405 900 435 947 et
459 885 671 963 decrevimus,
703 898 739 947 ut
771 885 857 947 idem
886 885 1048 947 lohannes
1070 905 1103 947 se
1135 885 1309 948 defendere
1335 887 1444 969 possit,
1469 900 1501 948 et

229 994 253 1055 si
278 993 425 1074 aliquem
451 991 572 1053 ibidem
598 991 648 1053 vel
673 991 706 1052 in
730 1011 786 1053 sua
811 989 1000 1053 defensione
1032 1005 1087 1054 aut
1112 993 1217 1074 ipsum
1241 991 1419 1054 interficere
1443 1011 1499 1053 vo·

227 1098 351 1162 lentem
377 1096 583 1176 interfecerit,
607 1111 682 1158 tunc
700 1097 767 1179 ipse
791 1096 954 1158 lohannes
970 1098 1132 1161 civitatem
1149 1098 1282 1180 perdere
1307 1117 1372 1159 non
1389 1099 1498 1180 possit.

337 1206 415 1266 ltem
447 1224 541 1266 causa
567 1203 703 1286 Myklini
736 1203 872 1265 condam
898 1203 1013 1284 judicis
1036 1219 1146 1266 contra
1170 1205 1254 1267 Rees
1286 1205 1325 1266 ad
1357 1204 1499 1285 primum

219 1311 387 1392 judicium
411 1311 452 1372 ad
476 1329 589 1392 pacem
614 1323 660 1372 est
684 1323 821 1392 recepta.

337 1418 416 1480 ltem
440 1417 551 1500 porcio
576 1416 742 1478 cuiusdam
770 1416 850 1478 silve
883 1415 1037 1498 Stephani
1063 1416 1224 1479 Crizozlai
1257 1415 1407 1497 Philippo
1431 1413 1498 1476 filio

220 1524 351 1587 medici
376 1543 434 1606 pro
459 1523 708 1606 se(x)tadimidia
732 1523 846 1584 marcis
870 1522 1076 1584 denariorum
1094 1522 1203 1584 debito
1233 1538 1280 1585 est
1303 1537 1418 1585 statuta
1443 1541 1500 1605 per

216 1631 366 1693 modum
392 1630 545 1712 pignoris.

337 1735 416 1799 ltem
431 1755 525 1797 causa
541 1735 665 1797 Lucasii
684 1735 801 1797 medici
816 1749 925 1797 contra
944 1734 1125 1798 Corardum
1144 1748 1286 1797 sutorem
1299 1736 1338 1797 ad
1356 1736 1497 1818 primum

211 1840 386 1921 judicium
412 1842 452 1903 ad
477 1861 590 1924 pacem
616 1857 663 1903 est
686 1855 823 1923 recepta.

337 1948 416 2010 ltem
440 1968 535 2010 causa
562 1947 652 2009 Pauli
683 1947 798 2009 literati
832 1961 942 2009 contra
967 1946 1144 2010 Custodem
1178 1947 1218 2008 ad
1243 1948 1382 2029 primum
1414 1947 1498 2027 judi·

210 2055 314 2117 cium
340 2054 381 2116 ad
405 2074 518 2136 pacem
542 2068 590 2117 est
617 2068 754 2136 recepta.

336 2160 416 2222 ltem
441 2161 531 2222 Hans
555 2158 634 2222 Scof
655 2179 756 2241 usque
778 2160 959 2241 quindenas
984 2161 1069 2223 lwan
1091 2160 1257 2242 jobagioni
1282 2160 1497 2222 Matheikonis

209 2265 387 2329 carnificis
411 2286 469 2348 pro
501 2285 560 2327 suo
584 2266 716 2328 vulnere
741 2266 820 2328 duas
852 2286 974 2328 marcas
998 2281 1028 2328 et
1052 2281 1180 2328 centum
1212 2266 1360 2328 denarios
1384 2265 1497 2328 solvet.

209 2487 325 2561 lteris
354 2495 452 2560 sexta
480 2491 635 2577 proxima
663 2497 739 2577 post
767 2489 889 2561 festum
919 2488 1149 2561 sacratissimi
1178 2488 1330 2575 corporis
1359 2484 1495 2557 Christi.

783 2643 825 2719 (2.
842 2641 948 2718 junia).

335 2781 414 2843 Item
439 2780 585 2842 Thomas
610 2796 641 2842 et
665 2780 828 2843 lohannes
848 2796 958 2843 contra
980 2781 1184 2843 Anthonium
1202 2781 1306 2863 primo
1324 2781 1409 2843 citati
1428 2799 1493 2842 non

216 2900 489 2970 comparuerunt.

336 2994 414 3057 ltem
440 2993 554 3076 Jalrlyn
572 2993 719 3076 gladipar
736 3008 846 3056 contra
869 2993 1023 3055 Mathiam
1038 2992 1241 3076 gladiparum
1257 2993 1363 3076 primo
1380 2994 1494 3056 citatus

217 3120 293 3162 non
319 3101 509 3183 comparuit.

334 3206 411 3269 ltem
438 3227 530 3269 causa
555 3208 710 3270 lohannis
734 3206 915 3288 Bozouligh
939 3222 1048 3268 contra
1074 3207 1252 3269 Fabianum
1276 3207 1317 3269 ad
1341 3222 1492 3270 octavum

219 3314 315 3376 diem
340 3329 386 3376 est
409 3329 590 3396 prorogata.

334 3419 412 3481 ltem
441 3439 534 3481 causa
567 3419 726 3483 Anthonii
756 3420 873 3482 literati
904 3433 1013 3481 contra
1047 3420 1131 3479 lwan
1165 3419 1323 3481 Wrouich
1356 3419 1396 3481 ad
1420 3433 1495 3482 octo

219 3527 296 3589 dies
319 3526 360 3587 ad
384 3545 495 3608 pacem
521 3538 568 3588 est
591 3541 728 3608 recepta.

335 3633 415 3694 Item
440 3632 623 3694 Hermanus
647 3631 737 3695 faber
768 3646 799 3695 et
823 3632 956 3714 Jurglyn
981 3631 1111 3713 piliator
1143 3646 1253 3695 contra
1278 3633 1493 3695 Laurentium

219 3738 364 3800 condam
390 3737 529 3819 judicem
553 3738 658 3820 primo
690 3738 776 3800 citati
800 3757 865 3799 non
890 3752 1149 3818 comparuerunt.

334 3844 413 3906 Item
438 3844 576 3906 lacobus
599 3842 730 3927 pellifex
758 3859 867 3906 contra
901 3843 1076 3905 Martinum
1101 3843 1228 3907 fabrum
1251 3845 1357 3927 primo
1381 3845 1494 3907 citatus

220 3969 292 4012 non
317 3950 507 4032 comparuit.

333 4056 413 4118 ltem
444 4056 638 4119 Benedictus
670 4054 814 4118 Gallicus
849 4070 958 4119 contra
992 4056 1210 4138 Dragozlaum
1242 4056 1347 4138 primo
1379 4058 1493 4120 citatus

220 4181 291 4225 non
313 4163 504 4244 comparuit.

332 4267 411 4329 ltem
435 4267 521 4329 idem
546 4267 739 4330 Benedictus
762 4285 872 4331 contra
897 4268 1031 4352 Jursych
1048 4269 1154 4351 primo
1183 4269 1296 4331 citatus
1322 4288 1387 4331 non
1405 4289 1492 4331 corn-

223 4374 342 4455 paruit.
499 4370 502 4375 ’

332 4480 411 4541 ltem
436 4481 573 4564 Mykech
605 4496 693 4544 sutor
716 4497 826 4545 contra
851 4485 1008 4545 Jacobum
1033 4483 1112 4544 Bole
1144 4482 1249 4565 primo
1281 4483 1394 4544 citatus
1426 4500 1491 4543 non

225 4585 417 4667 comparuit.

332 4690 410 4753 ltem
434 4692 567 4754 domina
591 4693 701 4755 relicta
726 4693 854 4755 Andree
883 4709 990 4756 contra
1027 4694 1153 4756 Malech
1177 4694 1283 4777 primo
1307 4693 1400 4756 citata
1425 4712 1490 4756 non

225 4797 415 4879 comparuit.
