<?xml version="1.0" encoding="UTF-8"?>
<!DOCTYPE html PUBLIC "-//W3C//DTD XHTML 1.0 Transitional//EN"
    "http://www.w3.org/TR/xhtml1/DTD/xhtml1-transitional.dtd">
<html xmlns="http://www.w3.org/1999/xhtml" xml:lang="en" lang="en">
 <head>
  <title>
</title>
<meta http-equiv="Content-Type" content="text/html;charset=utf-8" />
  <meta name='ocr-system' content='tesseract 3.04.00' />
  <meta name='ocr-capabilities' content='ocr_page ocr_carea ocr_par ocr_line ocrx_word'/>
</head>
<body>
  <div class='ocr_page' id='page_1' title='image "./monumentahistor04laszgoog/monumentahistor04laszgoog_0366.png"; bbox 0 0 3404 5362; ppageno 0'>
   <div class='ocr_carea' id='block_1_1' title="bbox 52 363 1343 2040">
    <p class='ocr_par' dir='ltr' id='par_1_1' title="bbox 77 363 1343 765">
     <span class='ocr_line' id='line_1_1' title="bbox 442 363 1342 452; baseline 0.007 -28"><span class='ocrx_word' id='word_1_1' title='bbox 442 363 533 424; x_wconf 84' lang='lat' dir='ltr'>Anno</span> <span class='ocrx_word' id='word_1_2' title='bbox 556 378 646 442; x_wconf 76' lang='lat'><em>1390.</em></span> <span class='ocrx_word' id='word_1_3' title='bbox 671 401 711 408; x_wconf 96' lang='lat'><em>-</em></span> <span class='ocrx_word' id='word_1_4' title='bbox 736 379 786 442; x_wconf 80' lang='lat'>25.</span> <span class='ocrx_word' id='word_1_5' title='bbox 808 369 960 443; x_wconf 67' lang='lat' dir='ltr'>junuarii.</span> <span class='ocrx_word' id='word_1_6' title='bbox 1280 389 1342 452; x_wconf 83' lang='lat'>317</span> 
     </span>
     <span class='ocr_line' id='line_1_2' title="bbox 182 575 1343 663; baseline 0.004 -26"><span class='ocrx_word' id='word_1_7' title='bbox 182 577 260 637; x_wconf 92' lang='lat' dir='ltr'>ltem</span> <span class='ocrx_word' id='word_1_8' title='bbox 287 575 447 657; x_wconf 84' lang='lat' dir='ltr'>Georgius</span> <span class='ocrx_word' id='word_1_9' title='bbox 478 575 563 637; x_wconf 86' lang='lat' dir='ltr'>filius</span> <span class='ocrx_word' id='word_1_10' title='bbox 593 576 724 659; x_wconf 91' lang='lat' dir='ltr'>Dragoy</span> <span class='ocrx_word' id='word_1_11' title='bbox 757 578 904 639; x_wconf 86' lang='lat' dir='ltr'>terciario</span> <span class='ocrx_word' id='word_1_12' title='bbox 936 598 1032 660; x_wconf 90' lang='lat' dir='ltr'>super</span> <span class='ocrx_word' id='word_1_13' title='bbox 1055 576 1139 641; x_wconf 87' lang='lat' dir='ltr'>lacto</span> <span class='ocrx_word' id='word_1_14' title='bbox 1172 580 1343 663; x_wconf 86' lang='lat' dir='ltr'>interemp-</span> 
     </span>
     <span class='ocr_line' id='line_1_3' title="bbox 77 683 1005 765; baseline 0.001 -21"><span class='ocrx_word' id='word_1_15' title='bbox 77 684 180 744; x_wconf 89' lang='lat' dir='ltr'>cionis</span> <span class='ocrx_word' id='word_1_16' title='bbox 204 684 295 744; x_wconf 85' lang='lat' dir='ltr'>Jurse</span> <span class='ocrx_word' id='word_1_17' title='bbox 320 683 546 765; x_wconf 80' lang='lat' dir='ltr'>proclamatus,</span> <span class='ocrx_word' id='word_1_18' title='bbox 570 683 611 744; x_wconf 88' lang='lat' dir='ltr'>ad</span> <span class='ocrx_word' id='word_1_19' title='bbox 635 683 794 764; x_wconf 85' lang='lat' dir='ltr'>justiciam</span> <span class='ocrx_word' id='word_1_20' title='bbox 819 703 882 744; x_wconf 89' lang='lat' dir='ltr'>nou</span> <span class='ocrx_word' id='word_1_21' title='bbox 909 685 1005 747; x_wconf 91' lang='lat' dir='ltr'>venit.</span> 
     </span>
    </p>

    <p class='ocr_par' dir='ltr' id='par_1_2' title="bbox 182 788 984 871">
     <span class='ocr_line' id='line_1_4' title="bbox 182 788 984 871; baseline 0.006 -23"><span class='ocrx_word' id='word_1_22' title='bbox 182 789 258 851; x_wconf 91' lang='lat' dir='ltr'>ltem</span> <span class='ocrx_word' id='word_1_23' title='bbox 285 789 415 871; x_wconf 84' lang='lat' dir='ltr'>Mathey</span> <span class='ocrx_word' id='word_1_24' title='bbox 439 788 579 850; x_wconf 81' lang='lat' dir='ltr'>carnifex</span> <span class='ocrx_word' id='word_1_25' title='bbox 603 808 705 871; x_wconf 87' lang='lat' dir='ltr'>usque</span> <span class='ocrx_word' id='word_1_26' title='bbox 729 789 984 870; x_wconf 85' lang='lat' dir='ltr'>quindenas...</span> 
     </span>
    </p>

    <p class='ocr_par' dir='ltr' id='par_1_3' title="bbox 68 894 1342 1191">
     <span class='ocr_line' id='line_1_5' title="bbox 181 894 1341 978; baseline 0.003 -22"><span class='ocrx_word' id='word_1_27' title='bbox 181 895 257 956; x_wconf 86' lang='lat' dir='ltr'>Item</span> <span class='ocrx_word' id='word_1_28' title='bbox 284 895 373 976; x_wconf 95' lang='lat' dir='ltr'>quod</span> <span class='ocrx_word' id='word_1_29' title='bbox 397 895 472 976; x_wconf 84' lang='lat' dir='ltr'>quia</span> <span class='ocrx_word' id='word_1_30' title='bbox 496 907 593 957; x_wconf 88' lang='lat' dir='ltr'>testes</span> <span class='ocrx_word' id='word_1_31' title='bbox 610 894 735 957; x_wconf 87' lang='lat' dir='ltr'>Blasich</span> <span class='ocrx_word' id='word_1_32' title='bbox 758 909 789 957; x_wconf 91' lang='lat' dir='ltr'>et</span> <span class='ocrx_word' id='word_1_33' title='bbox 806 895 955 978; x_wconf 82' lang='lat' dir='ltr'>Gregorii</span> <span class='ocrx_word' id='word_1_34' title='bbox 980 896 1142 977; x_wconf 83' lang='lat' dir='ltr'>quandam</span> <span class='ocrx_word' id='word_1_35' title='bbox 1167 896 1341 960; x_wconf 76' lang='lat' dir='ltr'>laesionem</span> 
     </span>
     <span class='ocr_line' id='line_1_6' title="bbox 71 1000 1342 1085; baseline 0.005 -24"><span class='ocrx_word' id='word_1_36' title='bbox 71 1000 234 1082; x_wconf 89' lang='lat' dir='ltr'>equaliter</span> <span class='ocrx_word' id='word_1_37' title='bbox 265 1003 462 1079; x_wconf 84' lang='lat' dir='ltr'>atestabant‚</span> <span class='ocrx_word' id='word_1_38' title='bbox 492 1001 566 1063; x_wconf 91' lang='lat' dir='ltr'>ideo</span> <span class='ocrx_word' id='word_1_39' title='bbox 599 1000 712 1083; x_wconf 89' lang='lat' dir='ltr'>prelati</span> <span class='ocrx_word' id='word_1_40' title='bbox 745 1001 871 1063; x_wconf 92' lang='lat' dir='ltr'>Blasich</span> <span class='ocrx_word' id='word_1_41' title='bbox 905 1016 936 1063; x_wconf 96' lang='lat' dir='ltr'>et</span> <span class='ocrx_word' id='word_1_42' title='bbox 972 1001 1148 1084; x_wconf 82' lang='lat' dir='ltr'>Gregorius</span> <span class='ocrx_word' id='word_1_43' title='bbox 1184 1004 1342 1085; x_wconf 87' lang='lat' dir='ltr'>equaliter</span> 
     </span>
     <span class='ocr_line' id='line_1_7' title="bbox 68 1106 1341 1191; baseline 0.004 -24"><span class='ocrx_word' id='word_1_44' title='bbox 68 1107 241 1188; x_wconf 88' lang='lat' dir='ltr'>quoddam</span> <span class='ocrx_word' id='word_1_45' title='bbox 266 1108 443 1188; x_wconf 90' lang='lat' dir='ltr'>dampnum</span> <span class='ocrx_word' id='word_1_46' title='bbox 461 1108 543 1169; x_wconf 90' lang='lat' dir='ltr'>inter</span> <span class='ocrx_word' id='word_1_47' title='bbox 567 1127 622 1168; x_wconf 90' lang='lat' dir='ltr'>eos</span> <span class='ocrx_word' id='word_1_48' title='bbox 643 1106 762 1169; x_wconf 85' lang='lat' dir='ltr'>factum</span> <span class='ocrx_word' id='word_1_49' title='bbox 780 1108 937 1189; x_wconf 85' lang='lat' dir='ltr'>equaliter</span> <span class='ocrx_word' id='word_1_50' title='bbox 953 1111 1141 1191; x_wconf 86' lang='lat' dir='ltr'>subportare</span> <span class='ocrx_word' id='word_1_51' title='bbox 1166 1109 1341 1178; x_wconf 84' lang='lat' dir='ltr'>debebunt.</span> 
     </span>
    </p>

    <p class='ocr_par' dir='ltr' id='par_1_4' title="bbox 65 1213 1342 1402">
     <span class='ocr_line' id='line_1_8' title="bbox 182 1213 1342 1298; baseline 0.003 -24"><span class='ocrx_word' id='word_1_52' title='bbox 182 1213 261 1275; x_wconf 89' lang='lat' dir='ltr'>ltem</span> <span class='ocrx_word' id='word_1_53' title='bbox 293 1213 420 1275; x_wconf 87' lang='lat' dir='ltr'>Blasich</span> <span class='ocrx_word' id='word_1_54' title='bbox 451 1228 560 1276; x_wconf 88' lang='lat' dir='ltr'>contra</span> <span class='ocrx_word' id='word_1_55' title='bbox 593 1213 787 1294; x_wconf 91' lang='lat' dir='ltr'>Gregorium</span> <span class='ocrx_word' id='word_1_56' title='bbox 819 1214 975 1298; x_wconf 86' lang='lat' dir='ltr'>voyschar</span> <span class='ocrx_word' id='word_1_57' title='bbox 1006 1215 1197 1278; x_wconf 87' lang='lat' dir='ltr'>secundario</span> <span class='ocrx_word' id='word_1_58' title='bbox 1229 1218 1342 1281; x_wconf 86' lang='lat' dir='ltr'>citatus</span> 
     </span>
     <span class='ocr_line' id='line_1_9' title="bbox 65 1321 356 1402; baseline 0.003 -21"><span class='ocrx_word' id='word_1_59' title='bbox 65 1339 138 1381; x_wconf 91' lang='lat' dir='ltr'>non</span> <span class='ocrx_word' id='word_1_60' title='bbox 166 1321 356 1402; x_wconf 86' lang='lat' dir='ltr'>comparuit.</span> 
     </span>
    </p>

    <p class='ocr_par' dir='ltr' id='par_1_5' title="bbox 52 1426 1339 2040">
     <span class='ocr_line' id='line_1_10' title="bbox 181 1426 1339 1512; baseline 0.005 -25"><span class='ocrx_word' id='word_1_61' title='bbox 181 1426 257 1488; x_wconf 90' lang='lat' dir='ltr'>ltem</span> <span class='ocrx_word' id='word_1_62' title='bbox 281 1427 368 1509; x_wconf 91' lang='lat' dir='ltr'>quod</span> <span class='ocrx_word' id='word_1_63' title='bbox 394 1427 469 1509; x_wconf 89' lang='lat' dir='ltr'>quia</span> <span class='ocrx_word' id='word_1_64' title='bbox 500 1427 701 1490; x_wconf 87' lang='lat' dir='ltr'>Demetrium</span> <span class='ocrx_word' id='word_1_65' title='bbox 735 1428 766 1489; x_wconf 89' lang='lat' dir='ltr'>in</span> <span class='ocrx_word' id='word_1_66' title='bbox 800 1448 885 1491; x_wconf 89' lang='lat' dir='ltr'>anno</span> <span class='ocrx_word' id='word_1_67' title='bbox 910 1430 1058 1511; x_wconf 85' lang='lat' dir='ltr'>proximo</span> <span class='ocrx_word' id='word_1_68' title='bbox 1090 1443 1248 1492; x_wconf 89' lang='lat' dir='ltr'>transacto</span> <span class='ocrx_word' id='word_1_69' title='bbox 1280 1451 1339 1512; x_wconf 91' lang='lat' dir='ltr'>pto</span> 
     </span>
     <span class='ocr_line' id='line_1_11' title="bbox 61 1532 1339 1618; baseline 0.003 -24"><span class='ocrx_word' id='word_1_70' title='bbox 61 1532 268 1615; x_wconf 89' lang='lat' dir='ltr'>quibusdam</span> <span class='ocrx_word' id='word_1_71' title='bbox 292 1533 358 1594; x_wconf 90' lang='lat' dir='ltr'>suis</span> <span class='ocrx_word' id='word_1_72' title='bbox 390 1534 570 1594; x_wconf 68' lang='lat' dir='ltr'>excessibus</span> <span class='ocrx_word' id='word_1_73' title='bbox 601 1534 632 1594; x_wconf 91' lang='lat' dir='ltr'>in</span> <span class='ocrx_word' id='word_1_74' title='bbox 666 1532 745 1594; x_wconf 81' lang='lat' dir='ltr'>facie</span> <span class='ocrx_word' id='word_1_75' title='bbox 778 1534 909 1615; x_wconf 90' lang='lat' dir='ltr'>sigillari</span> <span class='ocrx_word' id='word_1_76' title='bbox 943 1546 974 1596; x_wconf 88' lang='lat' dir='ltr'>et</span> <span class='ocrx_word' id='word_1_77' title='bbox 999 1535 1038 1596; x_wconf 95' lang='lat' dir='ltr'>de</span> <span class='ocrx_word' id='word_1_78' title='bbox 1070 1535 1197 1597; x_wconf 85' lang='lat' dir='ltr'>civitate</span> <span class='ocrx_word' id='word_1_79' title='bbox 1223 1537 1339 1618; x_wconf 87' lang='lat' dir='ltr'>expelli</span> 
     </span>
     <span class='ocr_line' id='line_1_12' title="bbox 59 1639 1339 1724; baseline 0.002 -23"><span class='ocrx_word' id='word_1_80' title='bbox 59 1639 219 1717; x_wconf 80' lang='lat' dir='ltr'>fecimus,</span> <span class='ocrx_word' id='word_1_81' title='bbox 243 1653 350 1701; x_wconf 87' lang='lat' dir='ltr'>tamen</span> <span class='ocrx_word' id='word_1_82' title='bbox 386 1640 541 1717; x_wconf 84' lang='lat' dir='ltr'>volentes,</span> <span class='ocrx_word' id='word_1_83' title='bbox 574 1639 671 1702; x_wconf 91' lang='lat' dir='ltr'>deum</span> <span class='ocrx_word' id='word_1_84' title='bbox 704 1640 820 1701; x_wconf 89' lang='lat' dir='ltr'>habere</span> <span class='ocrx_word' id='word_1_85' title='bbox 852 1661 907 1723; x_wconf 89' lang='lat' dir='ltr'>pre</span> <span class='ocrx_word' id='word_1_86' title='bbox 940 1642 1043 1703; x_wconf 91' lang='lat' dir='ltr'>oculis</span> <span class='ocrx_word' id='word_1_87' title='bbox 1074 1655 1105 1703; x_wconf 89' lang='lat' dir='ltr'>et</span> <span class='ocrx_word' id='word_1_88' title='bbox 1129 1643 1229 1704; x_wconf 88' lang='lat' dir='ltr'>eciam</span> <span class='ocrx_word' id='word_1_89' title='bbox 1254 1642 1339 1724; x_wconf 85' lang='lat' dir='ltr'>juxta</span> 
     </span>
     <span class='ocr_line' id='line_1_13' title="bbox 55 1745 1339 1829; baseline 0.004 -23"><span class='ocrx_word' id='word_1_90' title='bbox 55 1745 268 1829; x_wconf 81' lang='lat' dir='ltr'>peticionem</span> <span class='ocrx_word' id='word_1_91' title='bbox 292 1747 468 1828; x_wconf 88' lang='lat' dir='ltr'>proborum</span> <span class='ocrx_word' id='word_1_92' title='bbox 494 1746 636 1808; x_wconf 91' lang='lat' dir='ltr'>virorum</span> <span class='ocrx_word' id='word_1_93' title='bbox 662 1760 725 1808; x_wconf 88' lang='lat' dir='ltr'>tam</span> <span class='ocrx_word' id='word_1_94' title='bbox 748 1747 865 1808; x_wconf 90' lang='lat' dir='ltr'>civium</span> <span class='ocrx_word' id='word_1_95' title='bbox 884 1767 981 1828; x_wconf 87' lang='lat' dir='ltr'>quam</span> <span class='ocrx_word' id='word_1_96' title='bbox 1006 1749 1209 1827; x_wconf 82' lang='lat' dir='ltr'>secularium,</span> <span class='ocrx_word' id='word_1_97' title='bbox 1234 1749 1339 1811; x_wconf 87' lang='lat' dir='ltr'>eidem</span> 
     </span>
     <span class='ocr_line' id='line_1_14' title="bbox 55 1849 1339 1935; baseline 0.002 -22"><span class='ocrx_word' id='word_1_98' title='bbox 55 1851 240 1914; x_wconf 90' lang='lat' dir='ltr'>Demetrio</span> <span class='ocrx_word' id='word_1_99' title='bbox 264 1851 404 1932; x_wconf 86' lang='lat' dir='ltr'>graciam</span> <span class='ocrx_word' id='word_1_100' title='bbox 429 1849 564 1913; x_wconf 89' lang='lat' dir='ltr'>lecimus</span> <span class='ocrx_word' id='word_1_101' title='bbox 595 1852 648 1931; x_wconf 87' lang='lat' dir='ltr'>ita,</span> <span class='ocrx_word' id='word_1_102' title='bbox 672 1852 760 1933; x_wconf 91' lang='lat' dir='ltr'>quod</span> <span class='ocrx_word' id='word_1_103' title='bbox 793 1872 919 1935; x_wconf 89' lang='lat' dir='ltr'>semper</span> <span class='ocrx_word' id='word_1_104' title='bbox 943 1872 1044 1935; x_wconf 92' lang='lat' dir='ltr'>usque</span> <span class='ocrx_word' id='word_1_105' title='bbox 1069 1854 1166 1915; x_wconf 86' lang='lat' dir='ltr'>vitam</span> <span class='ocrx_word' id='word_1_106' title='bbox 1191 1874 1281 1916; x_wconf 91' lang='lat' dir='ltr'>suam</span> <span class='ocrx_word' id='word_1_107' title='bbox 1307 1855 1339 1916; x_wconf 89' lang='lat' dir='ltr'>in</span> 
     </span>
     <span class='ocr_line' id='line_1_15' title="bbox 52 1956 829 2040; baseline -0.001 -20"><span class='ocrx_word' id='word_1_108' title='bbox 52 1956 237 2020; x_wconf 88' lang='lat' dir='ltr'>civitatem</span> <span class='ocrx_word' id='word_1_109' title='bbox 262 1956 363 2018; x_wconf 86' lang='lat' dir='ltr'>libere</span> <span class='ocrx_word' id='word_1_110' title='bbox 389 1970 421 2018; x_wconf 90' lang='lat' dir='ltr'>et</span> <span class='ocrx_word' id='word_1_111' title='bbox 443 1977 553 2019; x_wconf 87' lang='lat' dir='ltr'>secure</span> <span class='ocrx_word' id='word_1_112' title='bbox 579 1957 695 2019; x_wconf 87' lang='lat' dir='ltr'>intrare</span> <span class='ocrx_word' id='word_1_113' title='bbox 720 1957 829 2040; x_wconf 88' lang='lat' dir='ltr'>possit.</span> 
     </span>
    </p>
   </div>
   <div class='ocr_carea' id='block_1_2' title="bbox 0 0 1706 5362">
    <p class='ocr_par' dir='ltr' id='par_1_6' title="bbox 0 0 1706 5362">
     <span class='ocr_line' id='line_1_16' title="bbox 0 0 1706 5362; baseline 0 0"><span class='ocrx_word' id='word_1_114' title='bbox 0 0 1706 5362; x_wconf 95' lang='lat' dir='ltr'> </span> 
     </span>
    </p>
   </div>
  </div>
 </body>
</html>
