3404 5362
1257 366 1354 462 2⁴¹

142 553 193 616 nti
218 566 331 616 contra
356 554 504 616 Marlcum
529 553 631 615 lilium
657 553 794 637 Mykech
820 552 877 616 filii
910 555 1071 617 Leonardi
1107 556 1355 639 adjudicassent,

142 678 182 722 tm
208 659 336 722 dicebat
359 680 427 722 esse
450 660 510 722 sibi
536 660 789 743 inpignoratam,
812 662 901 743 quod
919 661 1134 744 juramentum
1160 663 1253 744 jurati
1278 685 1354 727 con·

142 786 168 828 es
200 766 300 828 nostri
332 766 372 828 ad
405 767 511 848 ipsum
543 766 759 849 juramentum
791 766 953 849 deputati,
989 767 1129 831 eundem
1163 770 1352 850 magistrum

142 892 269 936 tannem
295 872 446 956 Crispum
470 886 616 955 tempore
640 871 857 955 deposicionis
886 873 986 957 ipsius
1019 874 1190 956 juramenti
1214 895 1246 937 se
1271 896 1353 939 asse-

142 991 218 1042 runt
235 998 301 1041 non
318 978 435 1040 vidisse
452 997 563 1061 ymmo
588 998 653 1040 non
671 979 758 1040 venit
782 999 888 1062 neque
913 980 999 1042 misit
1016 981 1121 1063 ipsum
1137 980 1353 1062 juramentum

142 1084 319 1148 vonendum
344 1099 440 1169 prout
456 1085 517 1168 ipsi
534 1084 627 1165 jurati
653 1085 803 1148 concives
824 1086 923 1149 nostri
940 1087 1148 1170 corporaliter
1172 1087 1353 1168 juramento

142 1193 236 1255 osito
260 1205 335 1254 sunt
358 1190 494 1254 confessi
521 1211 629 1253 coram
653 1192 748 1253 nobis
771 1192 802 1252 in
828 1205 934 1254 nostra
951 1192 1027 1256 sede
1052 1193 1219 1274 judiciaria
1244 1214 1353 1276 perso·

142 1299 202 1360 iter
227 1296 372 1376 astando,
403 1297 533 1360 racione
565 1297 781 1379 quorumdam
813 1298 871 1360 lll.
899 1298 969 1361 flor.
1000 1299 1080 1378 auri,
1104 1298 1145 1360 de
1170 1300 1289 1382 quibus
1319 1321 1353 1362 se

142 1404 184 1467 nil
209 1403 328 1467 babere
360 1406 531 1481 asserebat,
566 1402 729 1486 deponere
761 1403 933 1484 debuisset,
961 1424 1039 1486 ergo
1070 1405 1176 1487 ipsum
1199 1405 1351 1488 (h)ortum

142 1511 236 1573 didit.

191 1616 271 1679 ltem
296 1616 454 1679 Renariua
476 1629 585 1678 contra
603 1616 800 1679 Peterlinum
825 1635 881 1699 per
898 1616 1054 1679 Mathiam
1078 1631 1193 1679 octavo
1217 1616 1270 1680 die
1286 1632 1352 1681 ate·

142 1723 190 1803 tit,
215 1722 303 1805 quod
328 1722 434 1805 ipsum
460 1722 547 1783 idem
574 1722 752 1784 Peterlinua
777 1722 1016 1802 vituperaverit.

190 1828 270 1892 ltem
303 1827 440 1890 Mathias
470 1828 623 1909 magistro
648 1827 807 1891 Janchech
831 1826 995 1892 aurifabro
1012 1829 1045 1890 in
1077 1829 1249 1911 quindenis
1272 1829 1352 1892 duas

142 1956 209 1999 reas
233 1935 439 1998 denariorum
464 1935 606 1996 exsolvet
630 1949 660 1996 et
684 1934 782 2016 judici
808 1934 958 1998 mediam.

190 2059 268 2122 ltem
292 2079 387 2122 causa
420 2059 529 2122 Sibich
562 2073 593 2120 et
624 2059 802 2122 Clementis
832 2072 978 2121 sutorum
1002 2072 1048 2122 est
1079 2080 1136 2142 per
1160 2062 1349 2143 magistrum

144 2166 229 2229 ncha
253 2164 450 2228 aurifabrum
475 2166 515 2227 ad
540 2164 653 2227 feriam
677 2165 809 2228 terciam
833 2177 959 2249 recepta
984 2165 1023 2228 ad
1048 2186 1171 2248 pacem.

189 2272 268 2334 ltem
293 2272 435 2354 Baptista
465 2286 576 2333 contra
600 2272 729 2333 Petrum
754 2270 898 2333 secundo
930 2271 1043 2333 citatus
1067 2290 1133 2333 non
1158 2274 1349 2354 comparuit.

189 2395 269 2458 ltem
294 2395 447 2457 Nicolaus
471 2395 662 2457 castellanus
694 2408 808 2457 octavo
831 2394 883 2457 die
915 2395 1062 2457 atestabit
1084 2415 1141 2477 per
1165 2396 1346 2460 Barnabam

142 2503 293 2583 ardonem,
328 2501 486 2565 Janchech
519 2517 550 2563 et
582 2501 719 2564 Paulum
753 2502 915 2564 literatum
939 2522 1034 2585 super
1058 2521 1108 2582 eo,
1128 2503 1217 2585 quod
1248 2519 1349 2568 mater

142 2609 223 2693 glini
247 2623 375 2672 centum
393 2608 462 2671 flor.
488 2610 555 2670 auri
580 2609 640 2670 sibi
665 2608 928 2670 testamentaliter
953 2627 1008 2690 per
1032 2607 1137 2691 ipsum
1162 2610 1346 2691 Jurglinum

142 2730 218 2795 atos,
241 2715 408 2778 Anthonio
433 2713 501 2777 filio
515 2716 612 2777 Blasii
638 2728 669 2777 et
692 2715 757 2776 suis
780 2715 887 2797 pueris
904 2727 935 2776 et
958 2734 1016 2797 pro
1040 2734 1096 2777 sua
1119 2715 1226 2777 anima
1251 2717 1346 2779 dimi·

142 2838 172 2887 et
196 2837 227 2887 et
250 2824 396 2905 legasset.

187 2946 266 3010 ltem
283 2946 460 3028 Gregorius
484 2960 598 3008 octavo
623 2945 675 3008 die
698 2945 844 3006 atestabit
868 2965 925 3027 per
942 2945 1123 3007 Barnabam
1147 2945 1347 3008 sacerdotem

142 3053 317 3135 Georgium
342 3053 470 3115 racione
496 3053 670 3133 nonaginta
696 3051 913 3114 denariorum.

188 3177 267 3240 ltem
290 3197 385 3239 causa
410 3177 537 3258 parlerii
563 3191 593 3238 et
611 3176 766 3238 Johannis
789 3174 883 3257 jurati
908 3190 954 3238 est
979 3194 1035 3257 per
1059 3174 1181 3256 judices
1206 3175 1246 3237 ad
1273 3192 1346 3239 octo

142 3304 148 3346 t
173 3298 344 3366 prorogata
369 3285 427 3345 sub
453 3282 554 3344 forma
580 3282 684 3344 frende
708 3283 806 3365 pacis.

186 3390 265 3452 ltem
290 3389 443 3452 Clemens
466 3403 555 3451 sutor
571 3402 681 3451 contra
704 3388 888 3450 Ladislaum
913 3387 997 3450 tular
1013 3388 1118 3471 primo
1143 3389 1255 3451 citatus
1280 3409 1345 3451 non

142 3497 270 3581 tparuit.

186 3603 263 3664 ltem
296 3602 458 3665 lohannes
482 3604 580 3664 Vasas
605 3603 636 3663 in
666 3601 821 3684 premisso
840 3621 898 3663 suo
922 3601 1108 3664 testimonio
1139 3601 1285 3663 atestavit
1310 3617 1345 3664 ut

143 3709 192 3771 uit
209 3709 252 3771 ita
275 3708 364 3791 quod
382 3709 587 3770 medietatem
605 3706 691 3769 fratri
716 3727 775 3769 suo
796 3706 947 3770 donasset
963 3721 993 3769 et
1017 3707 1113 3770 aliam
1139 3708 1344 3770 medietatem

142 3844 144 3872 ι
169 3815 312 3897 legasset.

142 4066 226 4143 ieria
255 4077 354 4142 sexta
383 4071 538 4158 proxima
567 4076 645 4141 ante
672 4070 796 4142 festum
825 4068 1056 4142 Conversionis
1085 4070 1174 4141 beati
1203 4071 1298 4143 Pauli

622 4194 776 4282 apostoli.

185 4379 293 4441 Primo
318 4400 434 4463 parvus
459 4381 627 4445 Chernech
652 4379 730 4442 feria
754 4380 850 4443 tercia
875 4381 1022 4443 atestabit
1044 4401 1101 4464 per
1125 4382 1270 4445 Blasium
1294 4404 1342 4446 sa-

142 4485 241 4548 lotem
266 4486 306 4548 de
331 4486 431 4566 Odra,
457 4489 631 4550 Martinam
648 4486 749 4550 filium
774 4485 877 4567 lorch,
894 4486 1095 4548 Anthonium
1120 4486 1221 4550 filium
1239 4489 1341 4552 Cursa

144 4593 325 4676 Lomnych,
350 4595 521 4656 Nicolaum
553 4594 593 4656 de
623 4594 729 4655 Mlalra
761 4613 929 4676 supereo,
962 4593 1050 4675 quod
1076 4594 1143 4677 ipse
1180 4595 1342 4676 quendam

144 4718 199 4761 um
223 4720 240 4760 a
264 4699 327 4761 Vid
352 4702 469 4762 comite
493 4701 597 4782 campi
630 4699 846 4782 zagrabiensis
877 4719 935 4783 pro
967 4702 1211 4782 quatuordecim
1236 4705 1343 4785 pensis

142 4819 322 4888 tparaverrt.
