3404 5362
314 348 376 409 34²

421 540 497 600 item
525 537 632 599 Mathe
658 537 820 618 quendam
846 537 998 617 (b)ortum
1025 537 1107 598 circa
1132 537 1298 597 ecclesiam
1324 553 1433 599 sancte
1462 540 1587 618 Marga-

315 646 404 709 rethe
430 645 562 725 virginis
598 663 699 725 usque
732 657 881 705 octavum
913 643 1000 704 diem
1024 644 1128 725 sepire
1160 644 1256 704 debet
1288 643 1433 721 indilate,
1459 644 1515 725 qui
1542 658 1586 704 est

313 752 457 833 magistri
484 751 615 831 Georgii
641 750 771 812 sartoris
795 763 826 811 et
851 749 999 830 Gregorii
1034 750 1255 832 proximorum
1288 748 1427 809 condam
1454 750 1585 810 Martini

314 860 444 920 Katiuo.

420 963 497 1024 item
530 963 661 1023 domina
687 961 795 1023 relicta
829 961 1008 1023 sabastiani
1042 959 1120 1022 feria
1144 961 1241 1022 tercia
1271 960 1419 1022 atestabit
1450 961 1581 1021 racione

283 1124 286 1128 ,
314 1069 482 1132 cuiusdam
506 1069 656 1129 stacionis
679 1088 735 1150 per
761 1068 893 1128 Luciam
918 1066 1060 1127 relictam
1080 1066 1197 1147 Egisti,
1223 1085 1355 1126 uxorem
1381 1066 1496 1126 iacobi
1514 1065 1582 1147 pel·

312 1175 405 1237 iificis
430 1189 461 1235 et
485 1193 617 1235 uxorem
643 1173 796 1255 Stephani
822 1172 913 1236 fabri.

420 1281 497 1343 Item
523 1300 616 1341 causa
642 1280 765 1340 Nicolai
791 1279 955 1340 castellani
989 1293 1019 1339 et
1051 1277 1226 1361 Mychaelis
1251 1277 1410 1359 Damyani
1444 1293 1491 1338 est
1525 1298 1580 1359 per

313 1402 408 1451 testes
432 1387 470 1448 ad
497 1385 608 1447 feriam
633 1386 764 1447 terciam
790 1399 913 1467 recepta
938 1384 978 1445 ad
1003 1404 1126 1466 pacem.

422 1493 500 1553 Item
526 1493 662 1553 Jacobus
686 1505 774 1552 sutor
792 1491 957 1553 Demetrio
982 1490 1072 1552 fabro
1097 1490 1128 1551 in
1146 1490 1319 1572 quindenis
1342 1503 1406 1551 tres
1423 1490 1494 1552 flor.
1514 1492 1582 1551 auri

314 1614 344 1661 et
371 1619 468 1660 unam
493 1618 624 1681 pensam
649 1598 854 1659 denariorum
879 1597 1032 1659 exsolvet.

419 1723 513 1799 Nota,
538 1722 625 1802 quod
651 1741 707 1802 per
731 1720 880 1799 judicem,
905 1721 1025 1801 juratos
1049 1735 1079 1782 et
1104 1720 1286 1781 universam
1312 1722 1581 1784 communitatem

313 1829 435 1891 editum
461 1828 577 1889 exstitit
602 1841 631 1889 et
655 1840 819 1904 statutum,
855 1827 929 1908 quia
952 1827 1058 1907 Herga
1084 1826 1275 1907 inquillinus
1306 1841 1413 1887 nostre
1439 1829 1579 1891 civitatis

313 1955 368 1996 seu
393 1933 552 1996 habitator
576 1933 676 1994 multa
701 1931 783 1994 furta
809 1948 839 1994 et
863 1933 924 1993 alia
950 1932 1058 1993 illicita
1092 1933 1123 1993 in
1150 1947 1256 1993 nostra
1281 1934 1423 2014 predicta
1450 1935 1578 1997 civitate

314 2054 534 2124 perpetrasset,
560 2060 618 2100 nec
642 2060 674 2100 se
700 2040 871 2100 emendare
896 2038 1060 2116 voluisset,
1085 2058 1169 2100 nunc
1188 2052 1294 2100 autem
1321 2039 1446 2100 Mareas
1471 2055 1581 2102 nostro

313 2147 438 2208 concivi
462 2147 614 2208 stramina
640 2147 670 2206 in
697 2146 821 2226 (b)oreo
847 2146 877 2206 in
903 2165 1017 2226 magna
1050 2145 1227 2226 quantitate
1251 2147 1459 2208 subtraxisset
1484 2163 1515 2208 et
1542 2148 1580 2208 de

315 2269 421 2314 nostre
458 2253 592 2313 civitatis
628 2252 829 2313 habitacione
865 2251 1063 2312 clandestine
1106 2250 1286 2332 affugisset,
1321 2265 1354 2313 ut
1391 2252 1579 2334 ubicunque

315 2360 465 2441 deinceps
489 2359 699 2441 reprehensus
723 2356 818 2419 fuerit
842 2360 962 2439 absque
987 2358 1076 2418 ouini
1094 2358 1215 2438 iudicio
1239 2358 1384 2440 patibulo
1409 2360 1492 2420 tradi
1518 2380 1584 2420 me-

314 2479 419 2526 reatur
443 2478 473 2524 et
497 2464 657 2545 suspendi.

421 2572 499 2633 ltem
531 2591 625 2631 causa
659 2569 767 2631 Sibich
800 2584 830 2630 et
863 2570 1040 2632 Clementis
1071 2585 1216 2632 sutorum
1241 2586 1287 2633 est
1319 2591 1374 2653 per
1407 2571 1583 2635 dominum

316 2677 499 2754 Micusium,
525 2677 666 2736 Francba
692 2674 890 2736 aurifabrum
915 2692 945 2737 et
969 2678 1137 2738 Marenum
1163 2692 1287 2758 recepta
1312 2678 1351 2738 ad
1376 2698 1504 2759 pacem.

422 2783 497 2843 ltem
524 2802 617 2843 causa
650 2783 803 2843 iohannis
828 2782 991 2844 Chemerii
1024 2799 1054 2845 et
1079 2782 1226 2864 Gregorii
1259 2797 1305 2845 est
1336 2804 1393 2865 per
1417 2799 1515 2846 testes
1540 2787 1580 2848 ad

315 2888 454 2970 primum
480 2888 635 2967 judicium
661 2904 786 2969 recepta
810 2889 849 2948 ad
875 2909 997 2969 pacem.

421 2994 498 3055 Item
524 3014 617 3055 causa
642 2994 797 3055 iohannis
821 2996 919 3056 Vasas
944 3011 974 3057 et
1005 2997 1132 3077 parlerii
1159 3009 1205 3058 est
1236 3016 1290 3078 per
1315 2998 1473 3058 Jacobum
1501 2999 1582 3061 Bole

315 3114 345 3161 et
370 3100 560 3161 Mauricium
586 3101 625 3160 ad
650 3099 761 3161 feriam
786 3102 914 3162 terciam
941 3116 1066 3183 recepta
1091 3102 1131 3162 ad
1155 3122 1277 3185 pacem.

314 3353 459 3424 Sabbata
487 3357 640 3442 proximo
661 3363 737 3425 ante
765 3355 888 3425 festum
909 3354 1143 3428 conversionis
1168 3360 1278 3428 sancti
1309 3358 1404 3429 Pauli
1426 3363 1586 3448 apostoli.

315 3526 404 3586 Actus
428 3532 456 3585 et
479 3529 657 3600 adjudicatio
681 3529 862 3600 antiquorum
883 3530 1008 3601 judicum
1033 3532 1060 3587 in
1077 3531 1154 3588 facto
1171 3531 1258 3588 Marci
1283 3530 1331 3588 filii
1350 3532 1494 3590 Chernech
1518 3536 1587 3593 dicti

315 3634 407 3692 Putan
430 3638 531 3692 contra
555 3636 725 3705 magistrum
743 3635 860 3691 Paulam
883 3639 1015 3693 nostrum
1031 3638 1177 3695 concivem
1201 3639 1317 3696 racione
1335 3639 1486 3703 cuiusdam
1503 3643 1588 3699 vinee

667 3742 695 3797 in
719 3744 820 3799 nostro
845 3743 994 3800 territorio
1018 3748 1104 3816 prout
1127 3744 1219 3801 infra:

421 3931 520 3994 Nota!
547 3932 635 4013 quod
660 3933 734 4014 quia
770 3935 894 3994 Marcus
926 3933 1010 3995 filius
1035 3933 1203 3996 Chernech
1229 3933 1304 3996 dicti
1340 3935 1445 3997 Putau
1483 3939 1586 4019 magi-

315 4054 416 4100 strum
441 4038 577 4100 Paulum
604 4052 747 4099 nostrum
780 4041 941 4100 notarium
974 4052 1004 4102 et
1029 4040 1195 4101 concivem
1228 4040 1356 4102 racione
1382 4056 1412 4103 et
1437 4058 1585 4124 pretextu

317 4145 482 4206 cuiusdam
508 4145 600 4205 vinee
627 4145 780 4207 innostro
803 4146 962 4207 territorio
980 4145 1098 4223 habite,
1124 4147 1217 4207 vinee
1234 4147 1334 4229 ipsius
1359 4149 1458 4210 Marci
1478 4151 1585 4214 vicine

315 4265 345 4312 et
369 4250 475 4329 juncte
495 4271 512 4310 a
529 4270 634 4331 super,
653 4249 735 4312 infra
761 4272 816 4332 per
834 4250 985 4313 fossatum
1003 4252 1257 4314 transiicularem
1275 4240 1462 4335 protensam
1482 4276 1584 4338 usque

316 4357 627 4418 commetaneitatem
653 4357 790 4418 condam
816 4360 939 4419 Nicolai
965 4357 1021 4419 filii
1047 4359 1190 4439 Jurizlai,
1216 4360 1275 4442 ipsi
1301 4361 1455 4441 magistro
1483 4363 1585 4426 Paulo

316 4482 372 4544 per
394 4463 510 4523 avitam
536 4482 625 4523 suam
651 4483 792 4540 uxorem,
833 4463 932 4524 filiam
962 4465 1060 4545 ipsius
1088 4464 1255 4527 Chernech
1286 4466 1363 4528 dicti
1381 4467 1484 4529 Putan
1510 4469 1584 4532 date

316 4582 346 4630 et
370 4569 547 4650 conscripte
573 4584 603 4630 et
628 4570 759 4631 demum
780 4572 1042 4634 testamentaliter
1071 4572 1186 4653 legate,
1211 4574 1243 4634 iu
1277 4574 1442 4657 presencia
1468 4576 1585 4655 judicis

317 4674 434 4735 Donati
461 4687 492 4736 et
515 4676 690 4755 juratorum
724 4696 850 4738 causam
876 4679 1038 4740 atraxisset
1062 4692 1092 4739 et
1124 4679 1155 4738 in
1188 4679 1242 4741 lite
1267 4680 1354 4741 idern
1379 4680 1475 4760 judex
1509 4702 1584 4744 cum

316 4781 381 4842 suis
405 4782 574 4845 antedictis
598 4783 808 4844 assessoribus
840 4784 940 4866 ipsam
959 4768 1099 4846 'vineam
1131 4785 1231 4867 ipsius
1262 4787 1361 4849 Marci
1385 4788 1483 4850 simul
1507 4810 1582 4853 cum
