3404 5362
329 380 391 443 272
711 364 797 420 Anno
820 359 911 439 1387.
937 396 977 405 -
1001 377 1052 423 22.
1068 366 1221 440 januarii.

1508 459 1620 480 —.f

435 573 512 634 item
532 572 695 635 Johannes
719 573 803 634 filius
828 574 937 635 Jacobi
964 575 1042 635 Bole
1066 594 1162 657 super
1186 595 1225 636 eo
1249 575 1375 657 juravit,
1401 578 1491 658 quod
1518 579 1622 639 Μετ’

328 681 414 741 tinus
439 680 532 759 Piper
556 680 616 740 sibi
642 679 853 761 quadraginta
879 679 1009 742 florenis
1032 681 1100 741 auri
1124 681 1253 742 debitor
1276 680 1359 744 foret
1384 697 1415 744 et
1441 700 1537 746 esset.

435 785 513 846 item
538 806 631 847 causa
657 787 812 848 Anthonii
838 801 946 848 contra
978 788 1173 849 Hanslinum
1199 788 1239 849 ad
1263 787 1376 849 seriam
1400 791 1538 852 terciam
1556 802 1619 853 est

328 891 368 952 ad
394 911 505 973 pacem
530 906 666 974 recepta.

436 997 513 1060 Item
526 1018 619 1059 causa
636 1001 731 1081 Myke
743 1014 851 1061 contra
863 1000 1031 1061 Herricum
1046 1000 1085 1061 ad
1096 998 1207 1062 feriam
1216 1003 1348 1063 terciam
1359 1017 1406 1063 est
1416 1019 1610 1084 prorogata.

435 1103 512 1166 item
538 1105 649 1165 Petrus
674 1120 782 1166 contra
808 1105 1000 1186 Gregorium
1019 1106 1161 1167 secundo
1185 1107 1299 1168 citatus
1321 1126 1386 1168 non
1405 1109 1602 1190 comparuit.

435 1209 512 1271 Item
538 1211 626 1290 quod
652 1211 727 1292 quia
752 1211 860 1272 relicta
886 1212 1052 1272 Kusilonis
1076 1231 1132 1293 per
1155 1225 1251 1274 testes
1282 1211 1429 1275 efficaces
1452 1213 1485 1274 id
1512 1233 1608 1275 com-

327 1317 488 1398 probavit,
513 1331 548 1379 ut
580 1318 645 1398 ipse
671 1316 785 1378 Kusilo
819 1317 1022 1378 medietatem
1055 1318 1222 1380 cuiusdam
1254 1319 1380 1395 domus,
1405 1320 1599 1402 porcionem

327 1423 477 1485 videlicet
508 1443 610 1499 suam,
644 1421 747 1483 eidem
781 1423 960 1504 legavisset,
992 1443 1090 1504 quare
1120 1425 1221 1505 ipsam
1255 1424 1462 1487 medietatem
1488 1427 1597 1488 eidem

328 1529 458 1591 domine
484 1529 750 1607 adjudicavimus,
775 1529 871 1590 aliam
897 1543 1005 1591 autem
1030 1530 1236 1593 medietatem
1263 1532 1361 1614 ipsius
1385 1532 1506 1593 domus
1532 1531 1595 1594 filie

327 1636 555 1716 Nandragonis
579 1649 610 1697 et
634 1636 742 1716 nepoti
775 1655 833 1696 suo
866 1635 1150 1713 adjudicaverunt;
1182 1639 1319 1720 proximi
1352 1653 1463 1701 autem
1496 1641 1598 1721 ipsius

326 1741 552 1822 Nandragonis
576 1741 616 1802 ad
641 1741 792 1822 antiquos
816 1741 937 1820 judices
961 1742 1174 1824 appellarunt.

433 1846 509 1907 Item
535 1846 627 1926 jurati
663 1868 700 1907 ex
732 1862 819 1928 parte
846 1846 1021 1929 Mychaelis
1053 1847 1110 1909 filii
1142 1849 1321 1911 Sebastiani
1353 1863 1384 1911 et
1410 1852 1512 1913 Marci
1539 1851 1596 1913 filii

327 1951 463 2033 Mykecb
478 1951 551 2014 filiis
564 1953 721 2014 Francisci
738 1952 841 2034 Cigan
854 1969 884 2014 et
895 1954 1058 2015 Benedicti
1077 1954 1234 2033 justiciam
1248 1954 1351 2018 facere
1365 1958 1595 2038 promiserunt.

432 2056 509 2119 item
545 2059 637 2138 jurati
674 2059 801 2120 Andree
836 2059 962 2120 Gallico
995 2059 1190 2123 duodecimo
1221 2082 1254 2123 se
1288 2063 1477 2124 concivibus
1511 2064 1594 2141 jura·

327 2178 469 2224 mentum
503 2164 767 2239 adjudicaverunt
798 2184 893 2246 super
926 2185 975 2243 eo,
1007 2166 1095 2247 quod
1121 2168 1244 2247 ipsein
1279 2166 1509 2230 interfeccione
1545 2171 1598 2231 Jo-

325 2268 440 2330 hannis
464 2271 562 2331 Vasas
586 2272 739 2331 immunis
763 2286 861 2347 esset;
885 2273 1012 2352 cognati
1038 2287 1145 2334 autem
1171 2273 1246 2335 dicti
1272 2275 1427 2336 Johannis
1452 2276 1493 2337 ad
1520 2295 1597 2337 con·

325 2375 433 2436 silium
458 2376 714 2458 appellaverunt,
739 2392 769 2439 et
794 2378 949 2459 ipsum..
975 2377 1029 2441 fiat
1053 2378 1131 2440 feria
1155 2381 1263 2442 tercia.

432 2482 509 2543 Item
537 2483 681 2563 Dragecb
706 2498 808 2546 sartor
833 2483 910 2545 feria
934 2486 1031 2546 tercia
1056 2485 1143 2546 solus
1167 2505 1262 2567 super
1286 2505 1326 2548 eo
1351 2486 1481 2567 iurabit,
1507 2489 1596 2569 quod

327 2587 392 2666 ipse
418 2588 449 2647 in
475 2590 695 2649 subtraccione
721 2589 886 2651 cuiusdam
912 2592 999 2651 canis
1024 2592 1114 2653 Pauli
1139 2593 1253 2655 literati
1280 2594 1434 2655 innocens
1460 2594 1513 2655 sit.

434 2693 511 2753 Item
538 2713 668 2754 consors
687 2695 829 2776 Dragech
856 2695 933 2756 feria
957 2697 1051 2758 tercia
1080 2718 1174 2780 super
1199 2717 1238 2760 eo
1261 2699 1387 2780 jurabit,
1412 2699 1503 2779 quod
1531 2701 1597 2780 ipsa

325 2797 490 2858 hominem
517 2798 607 2859 Pauli
634 2799 748 2862 literati
774 2822 831 2863 nec
857 2802 961 2884 ipsum
985 2803 1203 2884 vituperasset.

432 2903 508 2963 Item
536 2905 597 2965 alia
623 2925 715 2967 causa
742 2907 831 2968 Pauli
865 2910 981 2972 literati
1014 2924 1123 2971 contra
1150 2910 1294 2991 Dragech
1326 2910 1366 2971 ad
1392 2908 1507 2973 feriam
1535 2926 1595 2972 ter·

325 3009 407 3069 ciam
434 3023 480 3070 est
503 3025 684 3092 prorogata.

431 3113 508 3176 item
535 3117 622 3197 quod
648 3119 721 3198 quia
749 3119 893 3201 Dragcch
918 3135 948 3182 et
972 3120 1134 3183 Johannes
1166 3119 1251 3183 filius
1272 3141 1348 3183 suus
1372 3122 1404 3183 in
1430 3120 1504 3185 foro
1529 3139 1590 3186 ter·

324 3220 423 3281 ciario
450 3222 489 3282 ad
515 3222 671 3301 justiciam
697 3227 882 3306 proclamati
913 3227 944 3287 in
973 3225 1057 3288 facto
1081 3227 1266 3289 succisionis
1298 3228 1468 3290 cuiusdam
1496 3230 1589 3290 vinee

324 3340 432 3388 contra
451 3328 630 3390 Johannem
649 3329 749 3391 filium
768 3332 850 3393 Petri
869 3353 933 3393 non
959 3349 1124 3411 venerunt,
1143 3334 1215 3395 ideo
1232 3333 1430 3415 ubicumque
1450 3335 1484 3396 in
1503 3336 1591 3397 terri·

323 3432 406 3493 torio
432 3432 516 3493 dicte
541 3434 676 3497 civitatis
694 3438 822 3518 reperiri
848 3439 997 3519 poterint,
1012 3439 1149 3520 quilibet
1173 3459 1270 3501 unam
1294 3459 1428 3501 manum
1453 3441 1593 3503 amittat.

431 3538 507 3599 Item
535 3540 666 3621 Jursych
692 3556 800 3604 contra
827 3542 1026 3625 Mychaeiem
1054 3546 1152 3606 tercio
1178 3547 1291 3608 citatus
1307 3564 1373 3606 non
1397 3548 1593 3629 comparuit.

430 3644 509 3704 Item
534 3646 642 3707 Endre
669 3646 734 3729 Syb
760 3648 860 3710 Paulo
886 3650 1012 3710 literato
1029 3670 1087 3731 pro
1112 3670 1171 3712 suo
1189 3651 1348 3733 vituperio
1372 3650 1454 3713 duas
1472 3672 1597 3715 marcas

323 3749 529 3811 denariorum
556 3770 658 3832 usque
684 3754 863 3833 quindenas
886 3756 1010 3817 solvere
1036 3756 1140 3818 debet.

573 3968 670 4043 Feria
699 3976 806 4043 tercia
834 3982 912 4044 ante
940 3975 1063 4046 festum
1089 3978 1199 4046 saneti
1230 3975 1335 4047 Pauli.

833 4127 896 4202 (22.
913 4129 1076 4202 januaria).

429 4281 506 4342 Item
532 4281 656 4363 Gyvvan
682 4299 791 4345 contra
816 4286 922 4346 Mathe
948 4288 1051 4367 primo
1077 4287 1190 4347 citatus
1219 4306 1284 4348 non
1308 4291 1503 4369 comparuit.

427 4387 504 4449 Item
532 4388 641 4449 Petrus
665 4404 773 4451 contra
793 4392 936 4452 Marcum
955 4393 1138 4474 Blancbych
1160 4393 1265 4474 primo
1281 4394 1395 4455 citatus
1419 4415 1488 4457 non
1507 4418 1596 4460 com-

320 4493 435 4574 paruit.

427 4597 505 4659 Item
531 4599 676 4660 Andreas
712 4600 855 4663 Gallicus
886 4603 1063 4684 predictum
1096 4625 1188 4666 suum
1222 4606 1438 4686 juramentum
1468 4609 1594 4671 duode-

320 4701 405 4762 cimo
430 4723 462 4764 se
480 4705 668 4765 concivibus
685 4726 779 4787 super
797 4728 846 4783 e0‚
872 4709 960 4789 quod
985 4710 1051 4791 ipse
1067 4730 1162 4791 super
1188 4711 1414 4775 interfeccione
1434 4714 1594 4777 Johannis

319 4807 421 4869 Vasas
447 4811 601 4871 innocens
625 4810 745 4890 suisset,
771 4812 953 4895 (deposuit).
