3404 5362
727 334 930 413 Ann01389.
957 371 996 379 —
1021 350 1068 398 Η.
1086 337 1179 413 jum’i.

435 552 513 612 Item
538 571 631 612 causa
662 550 787 612 Lucasii
820 564 929 611 contra
956 550 1084 611 Petrum
1115 548 1156 609 de
1181 546 1351 609 Branoucb
1387 566 1489 629 usque
1522 559 1590 606 octo

329 658 398 721 dIes
422 657 461 719 ad
487 676 599 738 pacem
625 669 672 718 est
695 669 831 737 recepta.

434 764 512 824 Item
541 783 634 825 causa
668 763 766 825 Marci
802 775 911 825 contra
945 762 1059 824 Kouch
1085 781 1187 842 usque
1219 774 1293 823 octo
1326 760 1395 821 dies
1420 759 1460 821 ad
1485 778 1592 842 pacem

331 883 377 931 est
402 883 539 952 recepta.

436 976 514 1037 Item
540 975 722 1058 Stephanus
739 975 834 1057 judex
859 975 899 1037 de
916 977 1008 1038 Nova
1032 976 1106 1037 villa
1127 994 1227 1057 usque
1253 972 1434 1056 quindenas
1458 970 1593 1033 Nicoiao

331 1083 480 1144 Delasich
496 1083 553 1144 XII
568 1082 637 1144 flor.
655 1083 723 1143 auri
740 1082 864 1144 solvere
882 1082 1142 1165 debet3ipseque
1160 1082 1313 1143 Nicolaus
1329 1092 1440 1142 contra
1454 1079 1594 1140 eundem

330 1189 529 1270 Stephanum
547 1209 642 1271 super
659 1190 800 1270 quadam
817 1189 916 1250 domo
934 1189 1069 1250 literalia
1089 1189 1300 1250 instrumenta
1317 1185 1469 1248 exhibere
1487 1185 1595 1247 debet.

435 1295 513 1358 Item
546 1294 707 1375 Georgius
739 1295 901 1358 Truchich
933 1308 1040 1357 contta
1073 1294 1226 1378 Gyurgek
1258 1293 1449 1356 secundario
1484 1293 1596 1354 citatus

330 1421 394 1465 non
421 1403 609 1485 comparuit.

439 1509 517 1571 Item
543 1509 700 1571 Martinus
723 1508 892 1581 Elizabeth
916 1529 1018 1591 usque
1051 1509 1230 1590 quiodeoas
1261 1527 1377 1569 novem
1401 1526 1520 1589 pensas
1544 1504 1598 1566 de·

331 1616 495 1678 nariorum
520 1616 644 1677 soIvere
669 1615 775 1677 debet.

436 1722 512 1785 Item
538 1742 630 1785 causa
656 1723 765 1784 Jacobi
791 1722 951 1804 Gyungek
977 1736 1086 1785 contra
1121 1722 1300 1784 Iohannem
1325 1721 1516 1803 episcopum
1542 1719 1597 1780 Se·

329 1831 474 1892 triensem
502 1849 602 1911 usque
627 1829 807 1910 quindenas
831 1843 877 1890 est
901 1842 1081 1910 prorogata.

438 1936 515 1998 Item
542 1935 671 1998 Thome
695 1934 762 1996 filio
788 1935 905 1996 Cosme
938 1935 969 1997 in
1003 1934 1086 1997 facto
1119 1934 1271 1997 Iutticinii
1305 1933 1472 1996 cuiusdam
1509 1932 1600 1993 bovis

331 2042 464 2105 fecimus
486 2044 626 2124 graciam
652 2062 690 2103 eo
715 2042 825 2121 modo,
848 2042 936 2123 quod
962 2062 1128 2124 nunquam
1154 2042 1185 2103 in
1204 2041 1330 2103 civitate
1355 2053 1385 2101 et
1411 2040 1480 2101 eius
1507 2039 1598 2102 terri-

329 2150 412 2212 tori0
439 2150 556 2210 intrare
581 2149 690 2230 possit.

437 2256 515 2317 Item
541 2255 724 2317 Anthonius
748 2255 868 2335 juratus
885 2270 999 2317 octavo
1017 2255 1068 2316 die
1089 2255 1177 2316 solus
1194 2274 1288 2336 super
1305 2273 1344 2314 eo
1361 2252 1491 2334 jurabit,
1509 2250 1599 2334 quod

331 2362 397 2444 ipse
412 2361 578 2423 Anthonio
592 2362 739 2445 Zytarich
765 2381 864 2422 unum
882 2362 1037 2423 eubulum
1056 2360 1095 2422 de
1113 2361 1217 2423 tritico
1242 2360 1369 2422 debitor
1385 2378 1451 2421 non
1477 2358 1601 2421 existat.

436 2469 514 2530 Item
541 2468 721 2550 Stephanus
745 2468 870 2530 Fernak
894 2482 1004 2529 contra
1030 2467 1230 2549 Stephanum
1255 2466 1393 2548 juratum
1421 2465 1528 2547 primo
1558 2463 1599 2525 ci-

329 2587 414 2636 tatus
437 2594 502 2635 non
527 2575 716 2656 comparuit.

524 2792 622 2866 Faria
650 2801 748 2866 sexta
777 2798 932 2884 proxima
961 2794 1188 2884 postrenum
1218 2794 1466 2865 Penthecostes.

869 2947 931 3028 (11.
948 2948 1058 3031 J'ttnr't).

437 3090 515 3152 Item
540 3088 701 3150 iohannes
726 3090 862 3152 condam
887 3089 982 3171 judex
1015 3105 1126 3153 contra
1157 3091 1328 3153 Nicolaum
1351 3090 1457 3173 primo
1483 3089 1597 3154 citatus

331 3216 396 3258 non
421 3195 613 3278 comparuit.

439 3302 516 3363 Item
543 3302 649 3362 Endre
667 3303 723 3364 Sib
747 3318 856 3364 contra
878 3303 1044 3365 Simonem
1069 3303 1174 3386 primo
1191 3304 1305 3366 citatus
1321 3324 1385 3365 non
1404 3304 1596 3386 comparuit.

438 3409 516 3470 Item
541 3428 635 3469 causa
659 3408 733 3469 Ivan
759 3423 867 3471 contra
887 3410 1086 3493 Stephanum
1110 3411 1286 3471 salivenam
1303 3430 1404 3492 usque
1429 3424 1504 3472 octo
1531 3410 1597 3472 dies

331 3513 371 3575 ad
398 3533 509 3597 pacem
535 3528 580 3576 est
604 3529 740 3597 recepta.

439 3621 517 3683 Item
550 3621 673 3682 Jursich
712 3637 821 3685 contra
855 3624 985 3686 Petrum
1018 3625 1210 3707 Hungarum
1242 3626 1347 3709 primo
1385 3627 1501 3687 citatus
1534 3645 1597 3687 non

331 3728 521 3810 comparuit.

437 3834 515 3896 Item
532 3834 696 3895 Emericus
709 3833 797 3896 Iaber
811 3851 919 3899 contra
934 3838 1074 3901 Golozlo
1084 3840 1189 3922 primo
1203 3841 1389 3903 citatusnon
1404 3841 1597 3923 comparuit.

437 3939 515 4002 Item
540 3940 658 4002 Paulus
681 3955 769 4002 sutor
794 3957 902 4005 contra
930 3946 1061 4007 Luciam
1093 3962 1209 4008 octavo
1234 3948 1286 4009 die
1310 3946 1531 4030 respondebit.

439 4045 515 4109 Item
546 4046 679 4128 EgidIus
704 4062 793 4110 sutor
816 4066 925 4111 contra
951 4052 1086 4113 Paulum
1111 4066 1226 4115 octavo
1251 4054 1302 4116 die
1328 4055 1547 4136 respondebit.

438 4152 515 4214 Item
533 4153 678 4215 Andreas
701 4169 802 4218 sartor
825 4171 933 4219 contra
959 4159 1154 4240 Agustinum
1182 4161 1381 4223 sacerdotem
1414 4162 1521 4243 primo
1556 4164 1598 4225 ci-

331 4271 415 4320 tatus
439 4279 503 4320 non
529 4262 719 4341 comparuit.

438 4365 516 4426 Item
541 4367 684 4448 Zagorch
709 4383 818 4430 contra
837 4369 1028 4450 Gregorium
1054 4374 1159 4454 primo
1185 4376 1297 4438 citatus
1314 4395 1379 4436 non
1404 4378 1600 4458 comparuit.

439 4471 517 4532 Item
554 4473 672 4535 Paulus
707 4488 816 4537 contra
850 4476 987 4538 eundem
1022 4478 1217 4560 Gregorium
1249 4481 1354 4564 primo
1385 4483 1500 4545 citatus
1532 4504 1597 4546 non

333 4577 522 4657 comparuit.

437 4681 515 4745 Item
546 4683 728 4746 Demetrius
760 4702 868 4750 contra
902 4690 975 4750 Ivan
1009 4711 1110 4773 usque
1143 4708 1216 4756 octo
1250 4695 1318 4758 dies
1348 4710 1457 4762 testes,
1475 4699 1597 4782 produ·

331 4806 401 4849 cere
426 4789 532 4852 debet.
