<?xml version="1.0" encoding="UTF-8"?>
<!DOCTYPE html PUBLIC "-//W3C//DTD XHTML 1.0 Transitional//EN"
    "http://www.w3.org/TR/xhtml1/DTD/xhtml1-transitional.dtd">
<html xmlns="http://www.w3.org/1999/xhtml" xml:lang="en" lang="en">
 <head>
  <title>
</title>
<meta http-equiv="Content-Type" content="text/html;charset=utf-8" />
  <meta name='ocr-system' content='tesseract 3.04.00' />
  <meta name='ocr-capabilities' content='ocr_page ocr_carea ocr_par ocr_line ocrx_word'/>
</head>
<body>
  <div class='ocr_page' id='page_1' title='image "./monumentahistor04laszgoog/monumentahistor04laszgoog_0053.png"; bbox 0 0 3404 5362; ppageno 0'>
   <div class='ocr_carea' id='block_1_1' title="bbox 391 346 1656 960">
    <p class='ocr_par' dir='ltr' id='par_1_1' title="bbox 391 346 1656 960">
     <span class='ocr_line' id='line_1_1' title="bbox 765 346 1280 423; baseline 0 -18"><span class='ocrx_word' id='word_1_1' title='bbox 765 349 961 423; x_wconf 74' lang='lat' dir='ltr'>Ann01375.</span> <span class='ocrx_word' id='word_1_2' title='bbox 986 380 1028 389; x_wconf 88' lang='lat'>-</span> <span class='ocrx_word' id='word_1_3' title='bbox 1051 360 1101 423; x_wconf 87' lang='lat'>27.</span> <span class='ocrx_word' id='word_1_4' title='bbox 1122 346 1280 418; x_wconf 76' lang='lat' dir='ltr'>lebmarii.</span> 
     </span>
     <span class='ocr_line' id='line_1_2' title="bbox 496 556 1655 642; baseline -0.003 -19"><span class='ocrx_word' id='word_1_5' title='bbox 496 562 574 623; x_wconf 90' lang='lat' dir='ltr'>ltem</span> <span class='ocrx_word' id='word_1_6' title='bbox 599 560 769 642; x_wconf 72' lang='lat' dir='ltr'>blatheylra</span> <span class='ocrx_word' id='word_1_7' title='bbox 786 558 893 621; x_wconf 90' lang='lat' dir='ltr'>relicta</span> <span class='ocrx_word' id='word_1_8' title='bbox 914 558 1079 640; x_wconf 90' lang='lat' dir='ltr'>quondam</span> <span class='ocrx_word' id='word_1_9' title='bbox 1098 556 1250 639; x_wconf 82' lang='lat' dir='ltr'>Stephani</span> <span class='ocrx_word' id='word_1_10' title='bbox 1269 556 1415 638; x_wconf 85' lang='lat' dir='ltr'>pellificis</span> <span class='ocrx_word' id='word_1_11' title='bbox 1438 573 1547 620; x_wconf 83' lang='lat' dir='ltr'>contra</span> <span class='ocrx_word' id='word_1_12' title='bbox 1565 558 1655 621; x_wconf 87' lang='lat' dir='ltr'>Tho·</span> 
     </span>
     <span class='ocr_line' id='line_1_3' title="bbox 391 664 1075 749; baseline -0.006 -20"><span class='ocrx_word' id='word_1_13' title='bbox 391 667 520 729; x_wconf 87' lang='lat' dir='ltr'>madam</span> <span class='ocrx_word' id='word_1_14' title='bbox 544 668 649 749; x_wconf 90' lang='lat' dir='ltr'>primo</span> <span class='ocrx_word' id='word_1_15' title='bbox 673 665 767 728; x_wconf 87' lang='lat' dir='ltr'>citata</span> <span class='ocrx_word' id='word_1_16' title='bbox 790 685 856 726; x_wconf 92' lang='lat' dir='ltr'>uon</span> <span class='ocrx_word' id='word_1_17' title='bbox 885 664 1075 748; x_wconf 81' lang='lat' dir='ltr'><strong>comparuit.</strong></span> 
     </span>
     <span class='ocr_line' id='line_1_4' title="bbox 498 770 1656 854; baseline -0.002 -20"><span class='ocrx_word' id='word_1_18' title='bbox 498 772 576 834; x_wconf 92' lang='lat' dir='ltr'>ltem</span> <span class='ocrx_word' id='word_1_19' title='bbox 601 771 738 854; x_wconf 78' lang='lat' dir='ltr'>Mylech</span> <span class='ocrx_word' id='word_1_20' title='bbox 760 785 862 832; x_wconf 82' lang='lat' dir='ltr'>sartor</span> <span class='ocrx_word' id='word_1_21' title='bbox 885 783 917 831; x_wconf 88' lang='lat' dir='ltr'>et</span> <span class='ocrx_word' id='word_1_22' title='bbox 940 770 965 831; x_wconf 88' lang='lat' dir='ltr'>F</span> <span class='ocrx_word' id='word_1_23' title='bbox 968 770 1066 832; x_wconf 92' lang='lat' dir='ltr'>erlich</span> <span class='ocrx_word' id='word_1_24' title='bbox 1091 770 1422 832; x_wconf 81' lang='lat' dir='ltr'>contraHrenlronem</span> <span class='ocrx_word' id='word_1_25' title='bbox 1446 772 1552 854; x_wconf 91' lang='lat' dir='ltr'>primo</span> <span class='ocrx_word' id='word_1_26' title='bbox 1570 772 1656 833; x_wconf 89' lang='lat' dir='ltr'>citati</span> 
     </span>
     <span class='ocr_line' id='line_1_5' title="bbox 391 889 741 960; baseline -0.009 -19"><span class='ocrx_word' id='word_1_27' title='bbox 391 897 457 941; x_wconf 91' lang='lat' dir='ltr'>non</span> <span class='ocrx_word' id='word_1_28' title='bbox 480 889 741 960; x_wconf 89' lang='lat' dir='ltr'>comparuerunt.</span> 
     </span>
    </p>
   </div>
   <div class='ocr_carea' id='block_1_2' title="bbox 390 999 1656 1722">
    <p class='ocr_par' dir='ltr' id='par_1_2' title="bbox 390 999 1656 1298">
     <span class='ocr_line' id='line_1_6' title="bbox 496 999 1656 1082; baseline -0.001 -18"><span class='ocrx_word' id='word_1_29' title='bbox 496 1002 576 1064; x_wconf 88' lang='lat' dir='ltr'>ltem</span> <span class='ocrx_word' id='word_1_30' title='bbox 599 1022 693 1063; x_wconf 82' lang='lat' dir='ltr'>causa</span> <span class='ocrx_word' id='word_1_31' title='bbox 717 1000 866 1082; x_wconf 81' lang='lat' dir='ltr'>Gregorii</span> <span class='ocrx_word' id='word_1_32' title='bbox 890 1019 1012 1077; x_wconf 86' lang='lat' dir='ltr'>voscar,</span> <span class='ocrx_word' id='word_1_33' title='bbox 1029 999 1212 1081; x_wconf 81' lang='lat' dir='ltr'>Dragozlai,</span> <span class='ocrx_word' id='word_1_34' title='bbox 1233 1000 1370 1061; x_wconf 87' lang='lat' dir='ltr'>Juranaz</span> <span class='ocrx_word' id='word_1_35' title='bbox 1396 1014 1428 1061; x_wconf 91' lang='lat' dir='ltr'>et</span> <span class='ocrx_word' id='word_1_36' title='bbox 1450 1000 1591 1063; x_wconf 90' lang='lat' dir='ltr'>Bediche</span> <span class='ocrx_word' id='word_1_37' title='bbox 1608 1017 1656 1063; x_wconf 85' lang='lat' dir='ltr'>est</span> 
     </span>
     <span class='ocr_line' id='line_1_7' title="bbox 391 1106 1656 1192; baseline 0 -23"><span class='ocrx_word' id='word_1_38' title='bbox 391 1128 448 1192; x_wconf 85' lang='lat' dir='ltr'>per</span> <span class='ocrx_word' id='word_1_39' title='bbox 471 1108 651 1170; x_wconf 73' lang='lat' dir='ltr'>Iohannem</span> <span class='ocrx_word' id='word_1_40' title='bbox 676 1107 840 1170; x_wconf 89' lang='lat' dir='ltr'>Chemerii</span> <span class='ocrx_word' id='word_1_41' title='bbox 864 1120 895 1167; x_wconf 91' lang='lat' dir='ltr'>et</span> <span class='ocrx_word' id='word_1_42' title='bbox 918 1107 1075 1168; x_wconf 86' lang='lat' dir='ltr'>lacobum</span> <span class='ocrx_word' id='word_1_43' title='bbox 1099 1106 1179 1168; x_wconf 90' lang='lat' dir='ltr'>Bole</span> <span class='ocrx_word' id='word_1_44' title='bbox 1210 1106 1250 1167; x_wconf 91' lang='lat' dir='ltr'>ad</span> <span class='ocrx_word' id='word_1_45' title='bbox 1275 1121 1349 1168; x_wconf 91' lang='lat' dir='ltr'>octo</span> <span class='ocrx_word' id='word_1_46' title='bbox 1373 1106 1441 1168; x_wconf 89' lang='lat' dir='ltr'>dies</span> <span class='ocrx_word' id='word_1_47' title='bbox 1465 1121 1591 1189; x_wconf 86' lang='lat' dir='ltr'>recepta</span> <span class='ocrx_word' id='word_1_48' title='bbox 1615 1106 1656 1168; x_wconf 89' lang='lat' dir='ltr'>ad</span> 
     </span>
     <span class='ocr_line' id='line_1_8' title="bbox 390 1234 513 1298; baseline -0.016 -21"><span class='ocrx_word' id='word_1_49' title='bbox 390 1234 513 1298; x_wconf 83' lang='lat' dir='ltr'>pacem.</span> 
     </span>
    </p>

    <p class='ocr_par' dir='ltr' id='par_1_3' title="bbox 392 1320 1655 1510">
     <span class='ocr_line' id='line_1_9' title="bbox 495 1320 1655 1403; baseline -0.001 -21"><span class='ocrx_word' id='word_1_50' title='bbox 495 1321 574 1383; x_wconf 89' lang='lat' dir='ltr'>ltem</span> <span class='ocrx_word' id='word_1_51' title='bbox 599 1321 800 1403; x_wconf 80' lang='lat' dir='ltr'>Margaretha</span> <span class='ocrx_word' id='word_1_52' title='bbox 816 1321 925 1383; x_wconf 85' lang='lat' dir='ltr'>relicta</span> <span class='ocrx_word' id='word_1_53' title='bbox 949 1322 1026 1382; x_wconf 85' lang='lat' dir='ltr'>lurlr</span> <span class='ocrx_word' id='word_1_54' title='bbox 1050 1334 1160 1383; x_wconf 90' lang='lat' dir='ltr'>contra</span> <span class='ocrx_word' id='word_1_55' title='bbox 1177 1320 1325 1381; x_wconf 83' lang='lat' dir='ltr'>Kaukam</span> <span class='ocrx_word' id='word_1_56' title='bbox 1349 1321 1455 1403; x_wconf 91' lang='lat' dir='ltr'>primo</span> <span class='ocrx_word' id='word_1_57' title='bbox 1479 1321 1574 1383; x_wconf 87' lang='lat' dir='ltr'>citata</span> <span class='ocrx_word' id='word_1_58' title='bbox 1590 1340 1655 1382; x_wconf 94' lang='lat' dir='ltr'>non</span> 
     </span>
     <span class='ocr_line' id='line_1_10' title="bbox 392 1429 581 1510; baseline 0.011 -21"><span class='ocrx_word' id='word_1_59' title='bbox 392 1429 581 1510; x_wconf 75' lang='lat' dir='ltr'>comparuit</span> 
     </span>
    </p>

    <p class='ocr_par' dir='ltr' id='par_1_4' title="bbox 393 1533 1656 1722">
     <span class='ocr_line' id='line_1_11' title="bbox 497 1533 1656 1615; baseline -0.002 -20"><span class='ocrx_word' id='word_1_60' title='bbox 497 1534 575 1596; x_wconf 90' lang='lat' dir='ltr'>ltem</span> <span class='ocrx_word' id='word_1_61' title='bbox 598 1555 693 1597; x_wconf 85' lang='lat' dir='ltr'>causa</span> <span class='ocrx_word' id='word_1_62' title='bbox 718 1535 840 1596; x_wconf 87' lang='lat' dir='ltr'>Mareni</span> <span class='ocrx_word' id='word_1_63' title='bbox 864 1549 895 1595; x_wconf 87' lang='lat' dir='ltr'>et</span> <span class='ocrx_word' id='word_1_64' title='bbox 919 1533 1045 1596; x_wconf 84' lang='lat' dir='ltr'>Crisani</span> <span class='ocrx_word' id='word_1_65' title='bbox 1069 1546 1117 1594; x_wconf 84' lang='lat' dir='ltr'>est</span> <span class='ocrx_word' id='word_1_66' title='bbox 1141 1554 1198 1615; x_wconf 90' lang='lat' dir='ltr'>per</span> <span class='ocrx_word' id='word_1_67' title='bbox 1221 1533 1403 1595; x_wconf 73' lang='lat' dir='ltr'>Iohannem</span> <span class='ocrx_word' id='word_1_68' title='bbox 1427 1533 1591 1596; x_wconf 92' lang='lat' dir='ltr'>Chemerii</span> <span class='ocrx_word' id='word_1_69' title='bbox 1615 1533 1656 1594; x_wconf 87' lang='lat' dir='ltr'>ad</span> 
     </span>
     <span class='ocr_line' id='line_1_12' title="bbox 393 1639 1459 1722; baseline 0.002 -22"><span class='ocrx_word' id='word_1_70' title='bbox 393 1640 532 1721; x_wconf 90' lang='lat' dir='ltr'>primum</span> <span class='ocrx_word' id='word_1_71' title='bbox 555 1639 711 1721; x_wconf 88' lang='lat' dir='ltr'>judicium</span> <span class='ocrx_word' id='word_1_72' title='bbox 736 1653 808 1722; x_wconf 83' lang='lat' dir='ltr'>post</span> <span class='ocrx_word' id='word_1_73' title='bbox 831 1639 1096 1722; x_wconf 80' lang='lat' dir='ltr'>carnisprivium</span> <span class='ocrx_word' id='word_1_74' title='bbox 1121 1653 1248 1721; x_wconf 88' lang='lat' dir='ltr'>recepta</span> <span class='ocrx_word' id='word_1_75' title='bbox 1271 1639 1311 1700; x_wconf 91' lang='lat' dir='ltr'>ad</span> <span class='ocrx_word' id='word_1_76' title='bbox 1336 1659 1459 1722; x_wconf 83' lang='lat' dir='ltr'>pacem.</span> 
     </span>
    </p>
   </div>
   <div class='ocr_carea' id='block_1_3' title="bbox 391 1761 1657 2697">
    <p class='ocr_par' dir='ltr' id='par_1_5' title="bbox 392 1761 1656 1952">
     <span class='ocr_line' id='line_1_13' title="bbox 498 1761 1656 1848; baseline 0.002 -24"><span class='ocrx_word' id='word_1_77' title='bbox 498 1763 576 1825; x_wconf 86' lang='lat' dir='ltr'>lrem</span> <span class='ocrx_word' id='word_1_78' title='bbox 609 1783 702 1825; x_wconf 88' lang='lat' dir='ltr'>causa</span> <span class='ocrx_word' id='word_1_79' title='bbox 727 1763 877 1826; x_wconf 85' lang='lat' dir='ltr'>Chuethk</span> <span class='ocrx_word' id='word_1_80' title='bbox 907 1776 938 1825; x_wconf 91' lang='lat' dir='ltr'>et</span> <span class='ocrx_word' id='word_1_81' title='bbox 969 1761 1097 1829; x_wconf 90' lang='lat' dir='ltr'>Nicolai</span> <span class='ocrx_word' id='word_1_82' title='bbox 1130 1780 1177 1826; x_wconf 87' lang='lat' dir='ltr'>est</span> <span class='ocrx_word' id='word_1_83' title='bbox 1211 1785 1269 1846; x_wconf 92' lang='lat' dir='ltr'>per</span> <span class='ocrx_word' id='word_1_84' title='bbox 1300 1765 1494 1847; x_wconf 88' lang='lat' dir='ltr'>Dyonisium</span> <span class='ocrx_word' id='word_1_85' title='bbox 1529 1779 1656 1848; x_wconf 89' lang='lat' dir='ltr'>recepta</span> 
     </span>
     <span class='ocr_line' id='line_1_14' title="bbox 392 1869 579 1952; baseline 0 -21"><span class='ocrx_word' id='word_1_86' title='bbox 392 1869 433 1931; x_wconf 86' lang='lat' dir='ltr'>ad</span> <span class='ocrx_word' id='word_1_87' title='bbox 456 1889 579 1952; x_wconf 87' lang='lat' dir='ltr'>pacem.</span> 
     </span>
    </p>

    <p class='ocr_par' dir='ltr' id='par_1_6' title="bbox 392 1975 1656 2166">
     <span class='ocr_line' id='line_1_15' title="bbox 498 1975 1656 2059; baseline 0.003 -23"><span class='ocrx_word' id='word_1_88' title='bbox 498 1975 576 2037; x_wconf 89' lang='lat' dir='ltr'>ltem</span> <span class='ocrx_word' id='word_1_89' title='bbox 600 1995 694 2037; x_wconf 82' lang='lat' dir='ltr'>causa</span> <span class='ocrx_word' id='word_1_90' title='bbox 725 1976 866 2038; x_wconf 88' lang='lat' dir='ltr'>Brumen</span> <span class='ocrx_word' id='word_1_91' title='bbox 903 1989 934 2037; x_wconf 94' lang='lat' dir='ltr'>et</span> <span class='ocrx_word' id='word_1_92' title='bbox 965 1975 1148 2038; x_wconf 79' lang='lat' dir='ltr'>Salomonis</span> <span class='ocrx_word' id='word_1_93' title='bbox 1170 1993 1216 2039; x_wconf 89' lang='lat' dir='ltr'>est</span> <span class='ocrx_word' id='word_1_94' title='bbox 1249 1997 1305 2059; x_wconf 90' lang='lat' dir='ltr'>per</span> <span class='ocrx_word' id='word_1_95' title='bbox 1329 1977 1501 2040; x_wconf 88' lang='lat' dir='ltr'>Crisanum</span> <span class='ocrx_word' id='word_1_96' title='bbox 1526 1990 1557 2038; x_wconf 88' lang='lat' dir='ltr'>et</span> <span class='ocrx_word' id='word_1_97' title='bbox 1581 1977 1656 2040; x_wconf 90' lang='lat' dir='ltr'>Cle·</span> 
     </span>
     <span class='ocr_line' id='line_1_16' title="bbox 392 2081 1655 2166; baseline 0.004 -24"><span class='ocrx_word' id='word_1_98' title='bbox 392 2094 533 2143; x_wconf 80' lang='lat' dir='ltr'>mentem</span> <span class='ocrx_word' id='word_1_99' title='bbox 555 2082 596 2143; x_wconf 88' lang='lat' dir='ltr'>ad</span> <span class='ocrx_word' id='word_1_100' title='bbox 619 2082 759 2163; x_wconf 90' lang='lat' dir='ltr'>primurn</span> <span class='ocrx_word' id='word_1_101' title='bbox 783 2081 939 2162; x_wconf 86' lang='lat' dir='ltr'>judicium</span> <span class='ocrx_word' id='word_1_102' title='bbox 964 2096 1035 2163; x_wconf 83' lang='lat' dir='ltr'>post</span> <span class='ocrx_word' id='word_1_103' title='bbox 1052 2084 1307 2166; x_wconf 88' lang='lat' dir='ltr'>carnisprivium</span> <span class='ocrx_word' id='word_1_104' title='bbox 1331 2097 1457 2165; x_wconf 87' lang='lat' dir='ltr'>recepta</span> <span class='ocrx_word' id='word_1_105' title='bbox 1475 2082 1513 2144; x_wconf 87' lang='lat' dir='ltr'>ad</span> <span class='ocrx_word' id='word_1_106' title='bbox 1532 2103 1655 2165; x_wconf 90' lang='lat' dir='ltr'>pacem.</span> 
     </span>
    </p>

    <p class='ocr_par' dir='ltr' id='par_1_7' title="bbox 392 2187 1656 2375">
     <span class='ocr_line' id='line_1_17' title="bbox 498 2187 1656 2271; baseline 0.003 -22"><span class='ocrx_word' id='word_1_107' title='bbox 498 2188 576 2249; x_wconf 90' lang='lat' dir='ltr'>ltem</span> <span class='ocrx_word' id='word_1_108' title='bbox 599 2187 763 2249; x_wconf 84' lang='lat' dir='ltr'>lohannes</span> <span class='ocrx_word' id='word_1_109' title='bbox 785 2188 885 2249; x_wconf 88' lang='lat' dir='ltr'>Pazar</span> <span class='ocrx_word' id='word_1_110' title='bbox 908 2202 1018 2249; x_wconf 92' lang='lat' dir='ltr'>contra</span> <span class='ocrx_word' id='word_1_111' title='bbox 1045 2189 1216 2252; x_wconf 88' lang='lat' dir='ltr'>Nicolaum</span> <span class='ocrx_word' id='word_1_112' title='bbox 1241 2189 1387 2252; x_wconf 72' lang='lat' dir='ltr'>alichich</span> <span class='ocrx_word' id='word_1_113' title='bbox 1411 2191 1517 2271; x_wconf 89' lang='lat' dir='ltr'>primo</span> <span class='ocrx_word' id='word_1_114' title='bbox 1541 2191 1656 2254; x_wconf 83' lang='lat' dir='ltr'>citatus</span> 
     </span>
     <span class='ocr_line' id='line_1_18' title="bbox 392 2294 673 2375; baseline 0.007 -21"><span class='ocrx_word' id='word_1_115' title='bbox 392 2313 459 2355; x_wconf 93' lang='lat' dir='ltr'>non</span> <span class='ocrx_word' id='word_1_116' title='bbox 484 2294 673 2375; x_wconf 84' lang='lat' dir='ltr'>comparuit.</span> 
     </span>
    </p>

    <p class='ocr_par' dir='ltr' id='par_1_8' title="bbox 391 2399 1657 2697">
     <span class='ocr_line' id='line_1_19' title="bbox 498 2399 1657 2484; baseline 0.003 -24"><span class='ocrx_word' id='word_1_117' title='bbox 498 2399 577 2462; x_wconf 87' lang='lat' dir='ltr'>ltem</span> <span class='ocrx_word' id='word_1_118' title='bbox 598 2419 692 2461; x_wconf 88' lang='lat' dir='ltr'>causa</span> <span class='ocrx_word' id='word_1_119' title='bbox 716 2420 767 2461; x_wconf 83' lang='lat' dir='ltr'>ser</span> <span class='ocrx_word' id='word_1_120' title='bbox 789 2399 880 2461; x_wconf 88' lang='lat' dir='ltr'>Pauli</span> <span class='ocrx_word' id='word_1_121' title='bbox 905 2413 936 2460; x_wconf 90' lang='lat' dir='ltr'>et</span> <span class='ocrx_word' id='word_1_122' title='bbox 952 2399 1082 2462; x_wconf 87' lang='lat' dir='ltr'>Thome</span> <span class='ocrx_word' id='word_1_123' title='bbox 1098 2402 1215 2463; x_wconf 88' lang='lat' dir='ltr'>sutoris</span> <span class='ocrx_word' id='word_1_124' title='bbox 1239 2416 1286 2463; x_wconf 88' lang='lat' dir='ltr'>est</span> <span class='ocrx_word' id='word_1_125' title='bbox 1308 2421 1365 2484; x_wconf 91' lang='lat' dir='ltr'>per</span> <span class='ocrx_word' id='word_1_126' title='bbox 1388 2403 1518 2465; x_wconf 84' lang='lat' dir='ltr'>Petrum</span> <span class='ocrx_word' id='word_1_127' title='bbox 1535 2416 1566 2464; x_wconf 88' lang='lat' dir='ltr'>et</span> <span class='ocrx_word' id='word_1_128' title='bbox 1583 2404 1657 2464; x_wconf 92' lang='lat' dir='ltr'>Jan·</span> 
     </span>
     <span class='ocr_line' id='line_1_20' title="bbox 391 2506 1656 2591; baseline 0.002 -23"><span class='ocrx_word' id='word_1_129' title='bbox 391 2506 514 2569; x_wconf 81' lang='lat' dir='ltr'>alinum</span> <span class='ocrx_word' id='word_1_130' title='bbox 537 2520 679 2568; x_wconf 81' lang='lat' dir='ltr'>sutorem</span> <span class='ocrx_word' id='word_1_131' title='bbox 702 2520 750 2568; x_wconf 83' lang='lat' dir='ltr'>eat</span> <span class='ocrx_word' id='word_1_132' title='bbox 765 2521 837 2588; x_wconf 83' lang='lat' dir='ltr'>post</span> <span class='ocrx_word' id='word_1_133' title='bbox 859 2506 962 2567; x_wconf 91' lang='lat' dir='ltr'>carnis</span> <span class='ocrx_word' id='word_1_134' title='bbox 980 2507 1117 2588; x_wconf 86' lang='lat' dir='ltr'>privium</span> <span class='ocrx_word' id='word_1_135' title='bbox 1135 2507 1175 2569; x_wconf 93' lang='lat' dir='ltr'>ad</span> <span class='ocrx_word' id='word_1_136' title='bbox 1192 2508 1332 2589; x_wconf 91' lang='lat' dir='ltr'>primurn</span> <span class='ocrx_word' id='word_1_137' title='bbox 1349 2508 1505 2588; x_wconf 89' lang='lat' dir='ltr'>judicium</span> <span class='ocrx_word' id='word_1_138' title='bbox 1529 2523 1656 2591; x_wconf 88' lang='lat' dir='ltr'>recepta</span> 
     </span>
     <span class='ocr_line' id='line_1_21' title="bbox 392 2614 578 2697; baseline 0 -21"><span class='ocrx_word' id='word_1_139' title='bbox 392 2614 433 2676; x_wconf 86' lang='lat' dir='ltr'>ad</span> <span class='ocrx_word' id='word_1_140' title='bbox 455 2633 578 2697; x_wconf 86' lang='lat' dir='ltr'>pacem.</span> 
     </span>
    </p>
   </div>
   <div class='ocr_carea' id='block_1_4' title="bbox 391 2738 1657 3352">
    <p class='ocr_par' dir='ltr' id='par_1_9' title="bbox 391 2738 1656 2929">
     <span class='ocr_line' id='line_1_22' title="bbox 497 2738 1656 2820; baseline 0.001 -20"><span class='ocrx_word' id='word_1_141' title='bbox 497 2738 575 2800; x_wconf 89' lang='lat' dir='ltr'>ltem</span> <span class='ocrx_word' id='word_1_142' title='bbox 598 2758 692 2800; x_wconf 82' lang='lat' dir='ltr'>causa</span> <span class='ocrx_word' id='word_1_143' title='bbox 715 2738 822 2800; x_wconf 85' lang='lat' dir='ltr'>Mathe</span> <span class='ocrx_word' id='word_1_144' title='bbox 846 2739 963 2801; x_wconf 86' lang='lat' dir='ltr'>sutoris</span> <span class='ocrx_word' id='word_1_145' title='bbox 987 2752 1018 2802; x_wconf 88' lang='lat' dir='ltr'>et</span> <span class='ocrx_word' id='word_1_146' title='bbox 1041 2738 1125 2800; x_wconf 91' lang='lat' dir='ltr'>Petri</span> <span class='ocrx_word' id='word_1_147' title='bbox 1142 2752 1189 2801; x_wconf 90' lang='lat' dir='ltr'>est</span> <span class='ocrx_word' id='word_1_148' title='bbox 1213 2758 1269 2820; x_wconf 89' lang='lat' dir='ltr'>per</span> <span class='ocrx_word' id='word_1_149' title='bbox 1293 2739 1423 2800; x_wconf 86' lang='lat' dir='ltr'>Petrum</span> <span class='ocrx_word' id='word_1_150' title='bbox 1446 2753 1588 2803; x_wconf 87' lang='lat' dir='ltr'>sutorem</span> <span class='ocrx_word' id='word_1_151' title='bbox 1614 2741 1656 2802; x_wconf 87' lang='lat' dir='ltr'>ad</span> 
     </span>
     <span class='ocr_line' id='line_1_23' title="bbox 391 2844 1457 2929; baseline 0.002 -22"><span class='ocrx_word' id='word_1_152' title='bbox 391 2846 532 2929; x_wconf 89' lang='lat' dir='ltr'>primum</span> <span class='ocrx_word' id='word_1_153' title='bbox 555 2844 711 2926; x_wconf 86' lang='lat' dir='ltr'>judicium</span> <span class='ocrx_word' id='word_1_154' title='bbox 736 2858 807 2926; x_wconf 79' lang='lat' dir='ltr'>post</span> <span class='ocrx_word' id='word_1_155' title='bbox 830 2844 1095 2928; x_wconf 85' lang='lat' dir='ltr'>carnisprivium</span> <span class='ocrx_word' id='word_1_156' title='bbox 1120 2859 1246 2927; x_wconf 84' lang='lat' dir='ltr'>recepta</span> <span class='ocrx_word' id='word_1_157' title='bbox 1271 2845 1310 2906; x_wconf 94' lang='lat' dir='ltr'>ad</span> <span class='ocrx_word' id='word_1_158' title='bbox 1334 2865 1457 2928; x_wconf 89' lang='lat' dir='ltr'>pacem.</span> 
     </span>
    </p>

    <p class='ocr_par' dir='ltr' id='par_1_10' title="bbox 391 2949 1656 3141">
     <span class='ocr_line' id='line_1_24' title="bbox 497 2949 1656 3036; baseline 0.002 -23"><span class='ocrx_word' id='word_1_159' title='bbox 497 2951 576 3013; x_wconf 89' lang='lat' dir='ltr'>ltem</span> <span class='ocrx_word' id='word_1_160' title='bbox 608 2949 753 3012; x_wconf 77' lang='lat' dir='ltr'>Andreas</span> <span class='ocrx_word' id='word_1_161' title='bbox 783 2949 943 3013; x_wconf 86' lang='lat' dir='ltr'>aurifaber</span> <span class='ocrx_word' id='word_1_162' title='bbox 971 2964 1081 3012; x_wconf 90' lang='lat' dir='ltr'>contra</span> <span class='ocrx_word' id='word_1_163' title='bbox 1112 2951 1272 3014; x_wconf 89' lang='lat' dir='ltr'>lanchech</span> <span class='ocrx_word' id='word_1_164' title='bbox 1304 2954 1410 3036; x_wconf 94' lang='lat' dir='ltr'>primo</span> <span class='ocrx_word' id='word_1_165' title='bbox 1441 2954 1555 3015; x_wconf 86' lang='lat' dir='ltr'>citatus</span> <span class='ocrx_word' id='word_1_166' title='bbox 1590 2973 1656 3015; x_wconf 95' lang='lat' dir='ltr'>non</span> 
     </span>
     <span class='ocr_line' id='line_1_25' title="bbox 391 3058 581 3141; baseline 0.005 -21"><span class='ocrx_word' id='word_1_167' title='bbox 391 3058 581 3141; x_wconf 88' lang='lat' dir='ltr'>comparuit.</span> 
     </span>
    </p>

    <p class='ocr_par' dir='ltr' id='par_1_11' title="bbox 393 3162 1657 3352">
     <span class='ocr_line' id='line_1_26' title="bbox 497 3162 1657 3246; baseline 0.003 -22"><span class='ocrx_word' id='word_1_168' title='bbox 497 3163 576 3226; x_wconf 89' lang='lat' dir='ltr'>ltem</span> <span class='ocrx_word' id='word_1_169' title='bbox 599 3163 732 3225; x_wconf 89' lang='lat' dir='ltr'>domina</span> <span class='ocrx_word' id='word_1_170' title='bbox 756 3163 929 3225; x_wconf 82' lang='lat' dir='ltr'>Karberina</span> <span class='ocrx_word' id='word_1_171' title='bbox 953 3162 1062 3225; x_wconf 88' lang='lat' dir='ltr'>relicta</span> <span class='ocrx_word' id='word_1_172' title='bbox 1080 3163 1204 3225; x_wconf 89' lang='lat' dir='ltr'>Nicolai</span> <span class='ocrx_word' id='word_1_173' title='bbox 1229 3162 1382 3227; x_wconf 85' lang='lat' dir='ltr'>aurifabri</span> <span class='ocrx_word' id='word_1_174' title='bbox 1407 3165 1571 3246; x_wconf 88' lang='lat' dir='ltr'>Stephano</span> <span class='ocrx_word' id='word_1_175' title='bbox 1588 3165 1657 3228; x_wconf 84' lang='lat' dir='ltr'>filio</span> 
     </span>
     <span class='ocr_line' id='line_1_27' title="bbox 393 3268 1377 3352; baseline 0.001 -21"><span class='ocrx_word' id='word_1_176' title='bbox 393 3268 545 3352; x_wconf 87' lang='lat' dir='ltr'>Symouis</span> <span class='ocrx_word' id='word_1_177' title='bbox 567 3269 628 3331; x_wconf 86' lang='lat' dir='ltr'>civi</span> <span class='ocrx_word' id='word_1_178' title='bbox 653 3269 692 3331; x_wconf 90' lang='lat' dir='ltr'>de</span> <span class='ocrx_word' id='word_1_179' title='bbox 715 3270 800 3351; x_wconf 82' lang='lat' dir='ltr'>Vgra</span> <span class='ocrx_word' id='word_1_180' title='bbox 825 3270 857 3331; x_wconf 91' lang='lat' dir='ltr'>in</span> <span class='ocrx_word' id='word_1_181' title='bbox 882 3269 1055 3352; x_wconf 82' lang='lat' dir='ltr'>quindenis</span> <span class='ocrx_word' id='word_1_182' title='bbox 1077 3270 1106 3330; x_wconf 81' lang='lat' dir='ltr'>X</span> <span class='ocrx_word' id='word_1_183' title='bbox 1131 3268 1200 3333; x_wconf 90' lang='lat' dir='ltr'>flor.</span> <span class='ocrx_word' id='word_1_184' title='bbox 1225 3270 1377 3333; x_wconf 84' lang='lat' dir='ltr'>exsolvet.</span> 
     </span>
    </p>
   </div>
   <div class='ocr_carea' id='block_1_5' title="bbox 391 3392 1656 3794">
    <p class='ocr_par' dir='ltr' id='par_1_12' title="bbox 391 3392 1656 3583">
     <span class='ocr_line' id='line_1_28' title="bbox 497 3392 1656 3478; baseline 0.003 -24"><span class='ocrx_word' id='word_1_185' title='bbox 497 3392 575 3455; x_wconf 90' lang='lat' dir='ltr'>ltem</span> <span class='ocrx_word' id='word_1_186' title='bbox 600 3413 694 3455; x_wconf 82' lang='lat' dir='ltr'>causa</span> <span class='ocrx_word' id='word_1_187' title='bbox 724 3392 902 3455; x_wconf 89' lang='lat' dir='ltr'>Clementis</span> <span class='ocrx_word' id='word_1_188' title='bbox 933 3408 964 3454; x_wconf 91' lang='lat' dir='ltr'>et</span> <span class='ocrx_word' id='word_1_189' title='bbox 988 3393 1060 3476; x_wconf 91' lang='lat' dir='ltr'>Vyd</span> <span class='ocrx_word' id='word_1_190' title='bbox 1091 3395 1221 3455; x_wconf 85' lang='lat' dir='ltr'>sartoris</span> <span class='ocrx_word' id='word_1_191' title='bbox 1253 3408 1300 3456; x_wconf 88' lang='lat' dir='ltr'>est</span> <span class='ocrx_word' id='word_1_192' title='bbox 1328 3415 1385 3478; x_wconf 89' lang='lat' dir='ltr'>per</span> <span class='ocrx_word' id='word_1_193' title='bbox 1409 3395 1582 3458; x_wconf 88' lang='lat' dir='ltr'>Crisanum</span> <span class='ocrx_word' id='word_1_194' title='bbox 1614 3397 1656 3458; x_wconf 84' lang='lat' dir='ltr'>ad</span> 
     </span>
     <span class='ocr_line' id='line_1_29' title="bbox 391 3498 1458 3583; baseline 0.002 -22"><span class='ocrx_word' id='word_1_195' title='bbox 391 3499 531 3583; x_wconf 88' lang='lat' dir='ltr'>primum</span> <span class='ocrx_word' id='word_1_196' title='bbox 555 3498 710 3580; x_wconf 85' lang='lat' dir='ltr'>judicium</span> <span class='ocrx_word' id='word_1_197' title='bbox 735 3512 807 3582; x_wconf 87' lang='lat' dir='ltr'>post</span> <span class='ocrx_word' id='word_1_198' title='bbox 830 3500 933 3560; x_wconf 85' lang='lat' dir='ltr'>carnia</span> <span class='ocrx_word' id='word_1_199' title='bbox 956 3499 1095 3582; x_wconf 88' lang='lat' dir='ltr'>privium</span> <span class='ocrx_word' id='word_1_200' title='bbox 1120 3514 1246 3581; x_wconf 88' lang='lat' dir='ltr'>recepta</span> <span class='ocrx_word' id='word_1_201' title='bbox 1270 3501 1310 3562; x_wconf 91' lang='lat' dir='ltr'>ad</span> <span class='ocrx_word' id='word_1_202' title='bbox 1335 3522 1458 3583; x_wconf 92' lang='lat' dir='ltr'>pacem.</span> 
     </span>
    </p>

    <p class='ocr_par' dir='ltr' id='par_1_13' title="bbox 392 3603 1656 3794">
     <span class='ocr_line' id='line_1_30' title="bbox 498 3603 1656 3688; baseline 0.003 -22"><span class='ocrx_word' id='word_1_203' title='bbox 498 3606 575 3668; x_wconf 89' lang='lat' dir='ltr'>ltem</span> <span class='ocrx_word' id='word_1_204' title='bbox 600 3625 694 3667; x_wconf 87' lang='lat' dir='ltr'>causa</span> <span class='ocrx_word' id='word_1_205' title='bbox 718 3603 850 3687; x_wconf 83' lang='lat' dir='ltr'>Georgii</span> <span class='ocrx_word' id='word_1_206' title='bbox 876 3605 1057 3688; x_wconf 81' lang='lat' dir='ltr'>Mykouche</span> <span class='ocrx_word' id='word_1_207' title='bbox 1086 3620 1117 3668; x_wconf 88' lang='lat' dir='ltr'>et</span> <span class='ocrx_word' id='word_1_208' title='bbox 1148 3607 1283 3688; x_wconf 87' lang='lat' dir='ltr'>Dyonisi</span> <span class='ocrx_word' id='word_1_209' title='bbox 1308 3606 1389 3670; x_wconf 90' lang='lat' dir='ltr'>fabri</span> <span class='ocrx_word' id='word_1_210' title='bbox 1426 3622 1536 3670; x_wconf 90' lang='lat' dir='ltr'>contra</span> <span class='ocrx_word' id='word_1_211' title='bbox 1561 3610 1656 3670; x_wconf 89' lang='lat' dir='ltr'>Eme-</span> 
     </span>
     <span class='ocr_line' id='line_1_31' title="bbox 392 3711 1232 3794; baseline 0.002 -21"><span class='ocrx_word' id='word_1_212' title='bbox 392 3711 494 3774; x_wconf 89' lang='lat' dir='ltr'>ricum</span> <span class='ocrx_word' id='word_1_213' title='bbox 518 3725 566 3773; x_wconf 88' lang='lat' dir='ltr'>est</span> <span class='ocrx_word' id='word_1_214' title='bbox 589 3731 644 3793; x_wconf 91' lang='lat' dir='ltr'>per</span> <span class='ocrx_word' id='word_1_215' title='bbox 669 3711 872 3774; x_wconf 88' lang='lat' dir='ltr'>Clementem</span> <span class='ocrx_word' id='word_1_216' title='bbox 895 3727 1021 3794; x_wconf 81' lang='lat' dir='ltr'>recepta</span> <span class='ocrx_word' id='word_1_217' title='bbox 1044 3712 1085 3774; x_wconf 93' lang='lat' dir='ltr'>ad</span> <span class='ocrx_word' id='word_1_218' title='bbox 1109 3733 1232 3794; x_wconf 90' lang='lat' dir='ltr'>pacem.</span> 
     </span>
    </p>
   </div>
   <div class='ocr_carea' id='block_1_6' title="bbox 392 3834 1656 4131">
    <p class='ocr_par' dir='ltr' id='par_1_14' title="bbox 392 3834 1656 4131">
     <span class='ocr_line' id='line_1_32' title="bbox 499 3834 1655 3922; baseline 0.004 -26"><span class='ocrx_word' id='word_1_219' title='bbox 499 3834 576 3897; x_wconf 91' lang='lat' dir='ltr'>Item</span> <span class='ocrx_word' id='word_1_220' title='bbox 600 3834 733 3897; x_wconf 90' lang='lat' dir='ltr'>domina</span> <span class='ocrx_word' id='word_1_221' title='bbox 756 3836 931 3898; x_wconf 85' lang='lat' dir='ltr'>Katherina</span> <span class='ocrx_word' id='word_1_222' title='bbox 964 3837 1073 3899; x_wconf 89' lang='lat' dir='ltr'>relicta</span> <span class='ocrx_word' id='word_1_223' title='bbox 1099 3837 1226 3899; x_wconf 91' lang='lat' dir='ltr'>Nicolai</span> <span class='ocrx_word' id='word_1_224' title='bbox 1259 3837 1411 3900; x_wconf 82' lang='lat' dir='ltr'>aurifabri</span> <span class='ocrx_word' id='word_1_225' title='bbox 1436 3839 1461 3899; x_wconf 88' lang='lat' dir='ltr'>si</span> <span class='ocrx_word' id='word_1_226' title='bbox 1486 3859 1588 3922; x_wconf 85' lang='lat' dir='ltr'>usque</span> <span class='ocrx_word' id='word_1_227' title='bbox 1611 3839 1655 3901; x_wconf 90' lang='lat' dir='ltr'>f-</span> 
     </span>
     <span class='ocr_line' id='line_1_33' title="bbox 392 3940 1656 4026; baseline 0.005 -25"><span class='ocrx_word' id='word_1_228' title='bbox 392 3941 473 4003; x_wconf 81' lang='lat' dir='ltr'>riam</span> <span class='ocrx_word' id='word_1_229' title='bbox 504 3954 625 4003; x_wconf 84' lang='lat' dir='ltr'>sextam</span> <span class='ocrx_word' id='word_1_230' title='bbox 657 3940 757 4003; x_wconf 93' lang='lat' dir='ltr'>luano</span> <span class='ocrx_word' id='word_1_231' title='bbox 788 3940 974 4004; x_wconf 82' lang='lat' dir='ltr'>satisfecerit</span> <span class='ocrx_word' id='word_1_232' title='bbox 1008 3943 1048 4004; x_wconf 90' lang='lat' dir='ltr'>de</span> <span class='ocrx_word' id='word_1_233' title='bbox 1080 3943 1222 4024; x_wconf 92' lang='lat' dir='ltr'>quodam</span> <span class='ocrx_word' id='word_1_234' title='bbox 1256 3945 1382 4023; x_wconf 89' lang='lat' dir='ltr'>monili,</span> <span class='ocrx_word' id='word_1_235' title='bbox 1406 3947 1487 4007; x_wconf 88' lang='lat' dir='ltr'>bene</span> <span class='ocrx_word' id='word_1_236' title='bbox 1512 3946 1656 4026; x_wconf 90' lang='lat' dir='ltr'>quidem,</span> 
     </span>
     <span class='ocr_line' id='line_1_34' title="bbox 392 4046 1654 4131; baseline 0.006 -23"><span class='ocrx_word' id='word_1_237' title='bbox 392 4046 537 4129; x_wconf 83' lang='lat' dir='ltr'>alioquin</span> <span class='ocrx_word' id='word_1_238' title='bbox 562 4047 668 4130; x_wconf 92' lang='lat' dir='ltr'>primo</span> <span class='ocrx_word' id='word_1_239' title='bbox 684 4047 804 4131; x_wconf 83' lang='lat' dir='ltr'>judicio</span> <span class='ocrx_word' id='word_1_240' title='bbox 820 4062 893 4129; x_wconf 88' lang='lat' dir='ltr'>post</span> <span class='ocrx_word' id='word_1_241' title='bbox 908 4049 1011 4110; x_wconf 87' lang='lat' dir='ltr'>carnis</span> <span class='ocrx_word' id='word_1_242' title='bbox 1027 4049 1167 4131; x_wconf 87' lang='lat' dir='ltr'>privium</span> <span class='ocrx_word' id='word_1_243' title='bbox 1184 4049 1339 4129; x_wconf 79' lang='lat' dir='ltr'>iusticiam</span> <span class='ocrx_word' id='word_1_244' title='bbox 1365 4050 1519 4114; x_wconf 89' lang='lat' dir='ltr'>faciemus</span> <span class='ocrx_word' id='word_1_245' title='bbox 1536 4053 1654 4115; x_wconf 90' lang='lat' dir='ltr'>eidem.</span> 
     </span>
    </p>
   </div>
   <div class='ocr_carea' id='block_1_7' title="bbox 392 4171 1656 4892">
    <p class='ocr_par' dir='ltr' id='par_1_15' title="bbox 392 4171 1656 4465">
     <span class='ocr_line' id='line_1_35' title="bbox 498 4171 1656 4259; baseline 0.003 -26"><span class='ocrx_word' id='word_1_246' title='bbox 498 4171 578 4234; x_wconf 91' lang='lat' dir='ltr'>ltem</span> <span class='ocrx_word' id='word_1_247' title='bbox 600 4172 706 4254; x_wconf 91' lang='lat' dir='ltr'>primo</span> <span class='ocrx_word' id='word_1_248' title='bbox 738 4172 858 4249; x_wconf 84' lang='lat' dir='ltr'>judicio</span> <span class='ocrx_word' id='word_1_249' title='bbox 892 4188 965 4256; x_wconf 91' lang='lat' dir='ltr'>post</span> <span class='ocrx_word' id='word_1_250' title='bbox 996 4174 1100 4236; x_wconf 85' lang='lat' dir='ltr'>carnis</span> <span class='ocrx_word' id='word_1_251' title='bbox 1130 4175 1269 4258; x_wconf 87' lang='lat' dir='ltr'>privium</span> <span class='ocrx_word' id='word_1_252' title='bbox 1293 4175 1441 4257; x_wconf 89' lang='lat' dir='ltr'>Mychael</span> <span class='ocrx_word' id='word_1_253' title='bbox 1466 4176 1574 4239; x_wconf 88' lang='lat' dir='ltr'>Pes..</span> <span class='ocrx_word' id='word_1_254' title='bbox 1600 4197 1656 4259; x_wconf 90' lang='lat' dir='ltr'>per</span> 
     </span>
     <span class='ocr_line' id='line_1_36' title="bbox 393 4277 1655 4362; baseline 0.004 -23"><span class='ocrx_word' id='word_1_255' title='bbox 393 4295 525 4340; x_wconf 84' lang='lat' dir='ltr'>uxorem</span> <span class='ocrx_word' id='word_1_256' title='bbox 550 4277 664 4340; x_wconf 89' lang='lat' dir='ltr'>Briccii</span> <span class='ocrx_word' id='word_1_257' title='bbox 681 4291 713 4341; x_wconf 90' lang='lat' dir='ltr'>et</span> <span class='ocrx_word' id='word_1_258' title='bbox 728 4277 920 4361; x_wconf 81' lang='lat' dir='ltr'>Gregorium</span> <span class='ocrx_word' id='word_1_259' title='bbox 937 4280 1095 4359; x_wconf 84' lang='lat' dir='ltr'>ostendet,</span> <span class='ocrx_word' id='word_1_260' title='bbox 1111 4281 1200 4362; x_wconf 92' lang='lat' dir='ltr'>quod</span> <span class='ocrx_word' id='word_1_261' title='bbox 1221 4280 1378 4362; x_wconf 92' lang='lat' dir='ltr'>quidquid</span> <span class='ocrx_word' id='word_1_262' title='bbox 1397 4280 1519 4343; x_wconf 90' lang='lat' dir='ltr'>famulo</span> <span class='ocrx_word' id='word_1_263' title='bbox 1544 4282 1655 4344; x_wconf 92' lang='lat' dir='ltr'>Jacobi</span> 
     </span>
     <span class='ocr_line' id='line_1_37' title="bbox 392 4381 1129 4465; baseline 0.008 -21"><span class='ocrx_word' id='word_1_264' title='bbox 392 4381 538 4465; x_wconf 85' lang='lat' dir='ltr'>pellificis</span> <span class='ocrx_word' id='word_1_265' title='bbox 561 4382 686 4447; x_wconf 77' lang='lat' dir='ltr'>fecisset</span> <span class='ocrx_word' id='word_1_266' title='bbox 707 4404 741 4447; x_wconf 88' lang='lat' dir='ltr'>se</span> <span class='ocrx_word' id='word_1_267' title='bbox 764 4384 969 4448; x_wconf 88' lang='lat' dir='ltr'>defendendo</span> <span class='ocrx_word' id='word_1_268' title='bbox 993 4385 1129 4450; x_wconf 86' lang='lat' dir='ltr'>fecisset.</span> 
     </span>
    </p>

    <p class='ocr_par' dir='ltr' id='par_1_16' title="bbox 393 4489 1655 4680">
     <span class='ocr_line' id='line_1_38' title="bbox 499 4489 1655 4578; baseline 0.007 -29"><span class='ocrx_word' id='word_1_269' title='bbox 499 4489 578 4553; x_wconf 88' lang='lat' dir='ltr'>Item</span> <span class='ocrx_word' id='word_1_270' title='bbox 601 4492 710 4553; x_wconf 87' lang='lat' dir='ltr'>Mathe</span> <span class='ocrx_word' id='word_1_271' title='bbox 732 4506 821 4553; x_wconf 85' lang='lat' dir='ltr'>sutor</span> <span class='ocrx_word' id='word_1_272' title='bbox 850 4505 960 4555; x_wconf 90' lang='lat' dir='ltr'>contra</span> <span class='ocrx_word' id='word_1_273' title='bbox 992 4492 1194 4576; x_wconf 87' lang='lat' dir='ltr'>Mychaelem</span> <span class='ocrx_word' id='word_1_274' title='bbox 1225 4494 1364 4577; x_wconf 86' lang='lat' dir='ltr'>juratum</span> <span class='ocrx_word' id='word_1_275' title='bbox 1393 4495 1498 4578; x_wconf 92' lang='lat' dir='ltr'>primo</span> <span class='ocrx_word' id='word_1_276' title='bbox 1534 4494 1655 4577; x_wconf 83' lang='lat' dir='ltr'>judicio</span> 
     </span>
     <span class='ocr_line' id='line_1_39' title="bbox 393 4597 993 4680; baseline 0.005 -23"><span class='ocrx_word' id='word_1_277' title='bbox 393 4608 466 4676; x_wconf 88' lang='lat' dir='ltr'>post</span> <span class='ocrx_word' id='word_1_278' title='bbox 489 4597 592 4657; x_wconf 84' lang='lat' dir='ltr'>carnia</span> <span class='ocrx_word' id='word_1_279' title='bbox 616 4597 753 4678; x_wconf 89' lang='lat' dir='ltr'>privium</span> <span class='ocrx_word' id='word_1_280' title='bbox 776 4598 993 4680; x_wconf 81' lang='lat' dir='ltr'>respondebit.</span> 
     </span>
    </p>

    <p class='ocr_par' dir='ltr' id='par_1_17' title="bbox 394 4701 1655 4892">
     <span class='ocr_line' id='line_1_40' title="bbox 499 4701 1655 4787; baseline 0.005 -24"><span class='ocrx_word' id='word_1_281' title='bbox 499 4701 576 4764; x_wconf 91' lang='lat' dir='ltr'>ltem</span> <span class='ocrx_word' id='word_1_282' title='bbox 600 4703 678 4764; x_wconf 83' lang='lat' dir='ltr'>luan</span> <span class='ocrx_word' id='word_1_283' title='bbox 710 4704 842 4787; x_wconf 83' lang='lat' dir='ltr'>Braysse</span> <span class='ocrx_word' id='word_1_284' title='bbox 877 4718 987 4765; x_wconf 91' lang='lat' dir='ltr'>contra</span> <span class='ocrx_word' id='word_1_285' title='bbox 1018 4704 1221 4768; x_wconf 86' lang='lat' dir='ltr'>Clementem</span> <span class='ocrx_word' id='word_1_286' title='bbox 1252 4721 1392 4769; x_wconf 85' lang='lat' dir='ltr'>autorem</span> <span class='ocrx_word' id='word_1_287' title='bbox 1424 4722 1454 4768; x_wconf 92' lang='lat' dir='ltr'>et</span> <span class='ocrx_word' id='word_1_288' title='bbox 1491 4708 1655 4770; x_wconf 88' lang='lat' dir='ltr'>Thomam</span> 
     </span>
     <span class='ocr_line' id='line_1_41' title="bbox 394 4808 939 4892; baseline 0.004 -22"><span class='ocrx_word' id='word_1_289' title='bbox 394 4808 499 4890; x_wconf 91' lang='lat' dir='ltr'>primo</span> <span class='ocrx_word' id='word_1_290' title='bbox 523 4809 637 4871; x_wconf 78' lang='lat' dir='ltr'>citatur</span> <span class='ocrx_word' id='word_1_291' title='bbox 659 4830 725 4871; x_wconf 92' lang='lat' dir='ltr'>nou</span> <span class='ocrx_word' id='word_1_292' title='bbox 749 4811 939 4892; x_wconf 90' lang='lat' dir='ltr'>comparuit.</span> 
     </span>
    </p>
   </div>
   <div class='ocr_carea' id='block_1_8' title="bbox 0 0 1707 5362">
    <p class='ocr_par' dir='ltr' id='par_1_18' title="bbox 0 0 1707 5362">
     <span class='ocr_line' id='line_1_42' title="bbox 0 0 1707 5362; baseline 0 0"><span class='ocrx_word' id='word_1_293' title='bbox 0 0 1707 5362; x_wconf 95' lang='lat' dir='ltr'> </span> 
     </span>
    </p>
   </div>
  </div>
 </body>
</html>
