3404 5362
313 582 393 644 ltem
426 599 520 642 causa
552 578 731 641 Clementis
762 577 880 639 sutoris
910 591 941 638 et
966 575 1134 637 Laurencii
1159 588 1206 636 est
1236 593 1293 656 per
1316 586 1411 635 testes
1435 572 1475 634 ad

212 702 279 750 octo
306 687 376 748 dies
400 701 526 768 recepta
550 684 592 746 ad
615 703 739 766 pacem.

313 793 392 854 Item
417 791 519 854 Cursa
544 789 784 853 molendinator
809 803 918 851 contra
936 788 1122 870 Philippum
1144 787 1249 868 primo
1273 786 1386 847 citatus
1409 805 1475 847 non

211 899 399 981 comparuit.

313 1006 392 1067 Item
417 1024 512 1067 causa
530 1002 639 1065 Sibich
665 1015 696 1064 et
713 1002 761 1065 sui
779 1000 969 1063 mercenarii
987 1014 1034 1062 est
1050 1020 1106 1082 per
1124 1000 1280 1060 Jacobum
1304 997 1476 1081 pellificem

211 1113 247 1174 ad
270 1126 345 1174 octo
369 1111 440 1172 dies
464 1123 591 1192 recepta
616 1109 655 1171 ad
677 1129 801 1191 pacem.

317 1218 394 1280 ltem
429 1218 486 1279 filii
519 1216 644 1279 Crisani
679 1230 793 1278 octavo
825 1214 877 1276 die
909 1213 978 1295 jura
1010 1213 1180 1276 ostendent
1210 1232 1305 1295 super
1336 1211 1476 1294 quadam

212 1324 308 1386 domo
334 1336 407 1385 ante
432 1342 583 1404 magnam
608 1335 734 1404 portam
758 1320 931 1404 lapideam,
955 1320 980 1380 si
1003 1320 1183 1381 habuerint.

313 1430 391 1491 ltem
416 1448 510 1490 causa
535 1427 646 1489 Jacobi
676 1427 813 1509 eosipari
847 1441 878 1489 et
901 1425 1028 1488 Nicolai
1060 1438 1107 1487 est
1130 1445 1187 1507 per
1218 1438 1313 1487 testes
1337 1424 1377 1486 ad
1402 1436 1475 1486 octo

213 1536 276 1597 dies
300 1548 426 1618 recepta
451 1535 492 1596 ad
516 1553 640 1617 pacem.

315 1642 394 1703 ltem
419 1641 452 1702 in
471 1640 645 1722 quindenis
661 1639 800 1701 lacobus
816 1637 947 1720 pellifex
965 1638 1101 1702 Nicolao
1118 1637 1190 1700 rufo
1214 1638 1351 1700 condam
1376 1637 1475 1718 judici

213 1748 260 1809 llll
287 1748 358 1811 flor.
381 1748 451 1809 auri
475 1747 600 1808 solvere
624 1745 765 1807 debebit.

314 1854 393 1915 ltem
418 1872 512 1914 causa
537 1851 667 1913 Martini
693 1865 723 1913 et
746 1851 899 1934 alteri(us)
922 1851 1050 1913 Martini
1076 1865 1123 1914 est
1145 1872 1202 1934 per
1225 1865 1319 1914 testes
1342 1851 1383 1913 ad
1400 1864 1473 1913 octo

213 1961 277 2023 dies
302 1973 428 2042 recepta
452 1959 492 2021 ad
516 1978 640 2040 pacem.

315 2066 393 2128 ltem
423 2085 517 2127 causa
549 2064 706 2127 lobannis
729 2078 760 2125 et
794 2064 946 2127 Lucachii
978 2063 1126 2147 pellificis
1159 2079 1206 2128 est
1235 2085 1292 2147 per
1317 2064 1476 2127 lanchech

211 2171 406 2234 aurifabrum
430 2171 470 2233 ad
495 2184 568 2233 octo
593 2170 662 2234 dies
686 2183 812 2253 recepta
836 2170 877 2231 ad
903 2190 1025 2252 pacem.

314 2279 393 2340 Item
419 2277 595 2359 Gregorius
619 2296 732 2339 voscar
756 2296 814 2357 pro
838 2276 980 2357 quodam
1010 2276 1133 2340 famulo
1158 2278 1337 2340 Clementis
1360 2277 1476 2339 sutoris

212 2385 378 2448 fideiussor
402 2385 515 2447 extitit.

316 2492 394 2553 ltem
420 2511 515 2553 causa
547 2491 676 2554 Andree
709 2491 811 2553 Kozel
844 2505 875 2553 et
898 2491 1023 2553 Nicolai
1057 2504 1103 2553 est
1126 2511 1183 2573 per
1212 2505 1309 2553 testes
1332 2492 1373 2553 ad
1403 2505 1476 2554 octo

212 2598 280 2661 dies
305 2611 431 2679 recepta
456 2599 496 2659 ad
521 2618 645 2680 pacem.
1126 2584 1129 2591 ¹

315 2704 394 2765 ltem
419 2704 496 2764 luan
521 2703 772 2765 Huzarenouich
797 2704 830 2765 in
856 2704 1028 2785 quindenis
1053 2703 1184 2767 domine
1211 2706 1305 2767 Kune
1329 2726 1382 2766 sex
1406 2704 1475 2770 flor.

212 2811 334 2873 solvere
360 2810 456 2872 debet
479 2810 624 2888 indilate,
648 2810 688 2871 de
713 2810 983 2893 septimoautem
1008 2811 1165 2890 justiciam
1192 2810 1355 2875 faciemus.

315 2917 394 2979 Item
431 2917 463 2977 in
500 2915 673 2997 quindenis
707 2916 958 2979 Huzarenouich
995 2918 1141 2978 Markoni
1174 2932 1312 2999 quatuor
1342 2918 1477 2980 cubulos

213 3024 292 3085 milii
316 3023 392 3084 dare
417 3036 448 3084 et
470 3023 595 3084 solvere
621 3022 716 3084 debet
741 3023 885 3086 indilate.

316 3128 396 3190 ltem
421 3128 579 3207 Thomas,
604 3128 706 3190 Curso
741 3142 771 3190 et
796 3128 960 3191 Corardus
990 3144 1100 3192 contra
1124 3131 1280 3192 Jacobum
1305 3130 1476 3213 pellificem

213 3235 315 3317 primo
348 3235 434 3296 citati
459 3255 524 3296 non
550 3247 810 3317 comparuerunt.

317 3342 396 3404 ltem
422 3341 588 3403 Anthonio
614 3339 737 3401 Jursich
762 3340 895 3402 domum
915 3343 1031 3404 Herrih
1055 3342 1203 3425 pellificis
1226 3345 1394 3406 statuimus
1418 3363 1476 3426 pro

217 3447 409 3529 quibusdam
441 3447 569 3524 debitis,
602 3445 751 3508 videlicet
772 3446 884 3508 decem
915 3449 1029 3510 marcis
1060 3449 1167 3510 minus
1200 3468 1263 3511 una
1294 3470 1392 3530 pensa
1423 3450 1477 3511 de·

215 3556 387 3616 uariorum.

315 3659 395 3721 ltem
420 3678 514 3720 causa
539 3658 695 3721 Anthonii
720 3661 833 3744 Renyz
858 3675 888 3722 et
913 3661 1022 3723 Sibich
1040 3677 1086 3724 est
1109 3682 1166 3744 per
1190 3662 1369 3724 Francham
1394 3662 1477 3722 auri-

215 3764 339 3828 fabrum
363 3779 394 3828 et
417 3765 589 3828 Nicolaum
605 3767 743 3829 condam
760 3767 901 3850 judicem
919 3768 959 3829 ad
976 3781 1051 3830 octo
1068 3769 1136 3830 dies
1153 3784 1277 3851 recepta
1297 3769 1337 3830 ad
1355 3788 1476 3850 pacem.

316 3872 395 3933 ltem
420 3872 507 3933 Elias
531 3872 692 3936 aurifaber
716 3888 826 3936 contra
851 3874 996 3936 Francha
1020 3873 1218 3937 aurifabrum
1236 3875 1341 3958 primo
1365 3875 1478 3937 citatus

213 3999 275 4041 non
301 3979 490 4059 comparuit.

317 4084 396 4146 ltem
420 4083 583 4146 lohannes
606 4099 717 4149 contra
742 4088 943 4149 Anthonium
978 4101 1119 4149 sutorem
1144 4088 1249 4170 primo
1273 4089 1387 4151 citatus
1411 4109 1477 4151 non

215 4191 404 4274 comparuit.

318 4297 397 4359 Item
422 4297 454 4358 io
479 4298 652 4379 quindenis
669 4299 832 4362 lohannes
857 4300 960 4363 Uasos
984 4315 1015 4362 et
1031 4300 1086 4362 filii
1112 4301 1238 4364 Crisani
1256 4303 1392 4364 Nicolao
1410 4302 1477 4364 filio

214 4401 305 4466 Pauli
330 4403 370 4466 de
395 4403 551 4465 Orbouch
575 4406 787 4487 quadraginta
825 4409 964 4471 florenos
988 4421 1018 4469 et
1048 4409 1210 4489 sexaginta
1242 4409 1392 4470 denarios
1415 4409 1478 4470 sol-

216 4530 287 4573 vere
313 4510 442 4573 debent.

320 4617 398 4679 ltem
423 4617 509 4680 Vido
534 4615 618 4678 filius
642 4617 713 4680 Elie
738 4619 770 4680 in
803 4620 976 4701 quindenis
1008 4633 1117 4682 contra
1142 4621 1281 4683 eundem
1307 4621 1477 4683 Nicolaum

216 4741 246 4783 se
262 4736 369 4785 sextus
385 4723 600 4804 juramentum
620 4724 782 4807 deponere
799 4726 894 4789 debet
910 4746 1005 4809 super
1022 4747 1073 4806 e0,
1097 4727 1185 4810 quod
1203 4726 1276 4808 plus
1292 4727 1332 4788 ad
1350 4746 1477 4789 conser-

218 4830 357 4892 vandum
373 4849 438 4892 non
452 4831 591 4893 dedisset
602 4832 661 4893 nisi
676 4846 831 4914 quantum
842 4834 875 4895 in
900 4834 999 4895 literis
1012 4849 1119 4897 nostre
1137 4835 1272 4896 civitatis
1286 4834 1476 4896 continetur.

1358 4920 1374 4961 a
