3404 5362
276 356 339 436 256
673 349 877 429 Anno138o.
902 385 942 394 -
966 365 1017 426 19.
1035 353 1128 424 jum'i.

381 566 458 628 ltem
477 566 639 627 lohannes
650 564 749 625 Pazar
762 577 874 625 contra
891 563 1007 645 Jahlyn
1020 564 1126 645 primo
1139 563 1254 623 citatus
1267 581 1333 623 non
1350 563 1595 643 comparuitZ·

382 674 460 735 ltem
493 671 600 733 Endre
626 671 692 753 Syb
716 683 827 731 contra
851 669 1023 730 Nicolaum
1050 667 1154 729 filium
1177 667 1305 729 Nicolai
1330 666 1476 729 secundo
1499 668 1523 728 ci
1599 679 1610 690 ·

275 793 360 842 tatus
382 799 447 840 non
474 778 663 859 comparuit.

383 884 460 946 ltem
478 883 626 945 Matheus
650 882 821 962 Hlebopek
847 894 957 941 contra
986 879 1116 941 Petrum
1143 878 1336 959 Hungarum
1360 879 1469 960 primo
1502 879 1551 939 ci-
1590 862 1636 925 i·

276 1004 358 1053 tatus
382 1009 447 1051 non
474 989 665 1071 comparuit.

383 1094 462 1157 ltem
486 1094 620 1155 domina
643 1112 775 1155 consors
801 1091 927 1153 Nicolai
945 1092 1067 1153 Sarhan
1089 1104 1204 1153 octavo
1221 1090 1274 1151 die
1297 1089 1496 1151 duodecimo
1511 1104 1605 1151 a&
1618 1092 1651 1133 ὅθ

277 1202 474 1263 dominabus
491 1220 586 1282 super
603 1219 642 1262 eo
659 1199 786 1281 jurabit,
804 1198 893 1280 quod
918 1199 985 1280 ipsa
1002 1198 1033 1259 in
1051 1212 1155 1259 morte
1174 1197 1297 1259 Mareni
1314 1197 1474 1258 innocens
1496 1198 1561 1257 sit-
1573 1194 1657 1249 51.

384 1306 462 1367 Item
480 1306 626 1367 Thomas
643 1319 757 1367 octavo
781 1305 833 1365 die
850 1324 906 1387 per
922 1304 1094 1366 Nicolaum
1112 1303 1245 1381 Sarkan‚
1270 1302 1438 1365 Thomam
1456 1303 1587 1364 Hunae-
1606 1307 1660 1351 Ι·

276 1431 401 1494 garum,
426 1412 589 1473 Thomam
615 1411 784 1489 decanum,
815 1409 1015 1492 Stephanum
1048 1410 1147 1471 Pazar
1178 1423 1210 1471 et
1233 1408 1436 1491 Stephanum
1460 1410 1594 1470 aelli-
1616 1393 1662 1456 i·

278 1538 387 1601 parem
413 1518 474 1580 hoc
498 1519 663 1595 atestabit‚
692 1516 781 1598 quod
813 1518 880 1599 ipse
914 1536 1052 1579 unacum
1077 1515 1214 1578 Herrico
1242 1515 1383 1597 pellifice
1416 1519 1663 1577 concor-‘7‘

278 1625 364 1687 diam
390 1624 525 1687 fecisset.

384 1732 462 1793 ltem
487 1731 653 1792 Emericus
676 1744 790 1792 octavo
816 1730 868 1793 die
891 1730 1035 1792 secundo
1059 1751 1093 1792 se
1117 1749 1213 1812 super
1236 1748 1276 1790 eo
1304 1728 1435 1810 jurabit,
1459 1726 1542 1810 quod
1572 1711 1658 1781 fi

278 1837 346 1920 ipse
370 1836 543 1919 Jaklynum
570 1835 747 1899 interficere
772 1837 937 1900 noluisset.

384 1942 462 2004 ltem
488 1963 580 2004 causa
606 1942 761 2004 Anthonii
787 1941 921 2025 Jursych
953 1955 1064 2003 contra
1092 1941 1297 2004 Clementem
1330 1940 1373 2002 ad
1398 1954 1543 2002 octavum
1582 1943 1649 1993 ί]

278 2048 365 2110 diem
391 2049 430 2110 ad
455 2069 568 2131 pacem
597 2063 643 2110 est
666 2062 805 2130 recepta.

386 2155 463 2217 ltem
489 2154 603 2237 Cygan
628 2168 735 2216 contra
762 2152 869 2216 Endre
893 2153 1035 2216 secundo
1059 2155 1173 2216 citatus
1197 2171 1262 2214 non
1287 2153 1482 2235 comparuit.

386 2259 463 2321 ltem
489 2260 602 2341 Cygan
627 2273 658 2321 et
683 2260 789 2320 Endre
822 2273 933 2320 contra
964 2258 1157 2340 Gregorium
1195 2257 1337 2319 secundo
1370 2258 1459 2319 citati
1484 2277 1543 2319 non

279 2378 541 2447 comparuerunt.

385 2471 463 2532 ltem
496 2471 657 2531 lohannes
688 2470 774 2532 filius
797 2469 917 2531 chhk
949 2484 1059 2532 contra
1091 2469 1263 2531 Nicolaum
1287 2468 1392 2531 filium
1417 2468 1544 2550 Mathey

279 2575 379 2637 tercio
403 2576 516 2637 citatus
540 2596 604 2636 non
631 2577 821 2657 comparuit.

396 2808 491 2881 Faria
520 2814 625 2882 tercia
654 2816 808 2900 proxima
837 2822 914 2902 post
940 2814 1064 2885 festum
1092 2822 1209 2885 sancte
1235 2813 1433 2885 Trinitatis.

810 2968 872 3042 (19.
903 2966 1015 3042 saun).

388 3102 464 3164 ltem
490 3124 582 3166 causa
607 3106 738 3167 domine
763 3127 872 3168 socrus
896 3107 1051 3169 iohannis
1067 3107 1166 3168 Vasas
1190 3119 1300 3167 contra
1324 3104 1483 3186 Egidium
1500 3127 1546 3166 sa·

281 3210 441 3271 cerdotem
476 3225 506 3272 et
535 3213 689 3273 iacobum
723 3213 882 3275 literatum
914 3213 955 3275 ad
987 3228 1136 3275 octavum
1169 3212 1256 3274 diem
1286 3211 1326 3272 ad
1356 3231 1470 3293 pacem
1503 3225 1547 3273 est

281 3332 417 3399 recepta.

387 3421 464 3484 ltem
482 3423 643 3485 lohannes
668 3422 752 3485 lilius
778 3424 952 3507 Mychaelis
976 3439 1086 3487 contra
1114 3423 1252 3485 Paulum
1276 3422 1475 3485 Merichicha
1500 3444 1547 3484 se-

282 3527 388 3589 cundo
413 3529 525 3588 citatus
550 3549 614 3589 non
640 3531 829 3612 comparuit.

387 3633 464 3693 ltem
490 3634 652 3696 lohannes
677 3635 827 3718 Grachyn
860 3652 970 3700 contra
994 3636 1174 3699 iohannem
1200 3635 1306 3719 primo
1335 3635 1452 3698 citatus
1483 3655 1549 3697 non

281 3755 471 3820 comparuit.

388 3845 465 3906 ltem
484 3846 593 3906 l’etrus
610 3845 724 3928 longus
740 3861 848 3910 contra
868 3849 1005 3911 Katkam
1019 3849 1123 3930 primo
1140 3848 1254 3909 citatus
1270 3866 1337 3908 non
1352 3849 1549 3929 comparuit.

387 3951 464 4012 ltem
488 3953 588 4013 Malar
612 3969 720 4014 contra
747 3954 924 4035 Georgium
949 3953 987 4014 de
1012 3952 1188 4015 Rakouech
1212 3953 1316 4036 primo
1341 3953 1457 4014 citatus
1482 3973 1549 4014 non

282 4058 471 4139 comparuit.

389 4164 465 4225 ltem
488 4185 582 4226 causa
608 4166 756 4245 Gregorii
787 4181 896 4228 contra
922 4167 1028 4229 Endre
1054 4166 1119 4248 Syb
1145 4165 1184 4226 ad
1217 4179 1367 4227 octavum
1391 4164 1485 4226 diem
1510 4166 1551 4227 ad

282 4288 394 4352 pacem
420 4284 466 4330 est
491 4286 627 4353 recepta.

389 4376 466 4437 ltem
491 4397 583 4437 caiisa
609 4378 734 4438 Nicolai
758 4392 867 4440 contra
893 4379 999 4439 Endre
1017 4378 1057 4439 ad
1082 4390 1231 4438 octavum
1256 4375 1342 4438 diem
1367 4376 1408 4436 ad
1433 4396 1551 4458 pacem

282 4496 329 4544 est
353 4495 488 4562 recepta.
1363 4548 1367 4554 Ι

389 4588 466 4648 ltem
499 4607 593 4648 causa
628 4588 734 4649 Bartol
767 4604 876 4651 contra
908 4589 1107 4671 Stephanum
1141 4587 1287 4670 Herrych
1321 4586 1362 4648 ad
1395 4600 1551 4651 octavum

283 4692 367 4755 diem
395 4694 434 4754 ad
461 4713 572 4775 pacem
599 4708 644 4754 est
669 4709 803 4776 recepta.

389 4799 466 4862 ltem
492 4801 588 4882 Elyas
611 4820 727 4881 parvus
751 4814 860 4862 contra
884 4801 992 4863 Bartol
1009 4801 1113 4882 primo
1135 4801 1248 4862 citatus
1272 4819 1338 4861 non
1354 4802 1550 4882 comparuit.
