3404 5362
216 336 276 398 208

321 549 397 610 ltenr
425 548 570 609 Thomas
594 560 704 608 contra
730 546 914 628 Philippum
939 562 1053 608 octavo
1078 548 1130 608 die
1155 548 1378 631 respondebit.

320 656 397 716 ltem
423 653 599 736 Gregorius
623 654 740 735 Angeli
758 666 868 715 contra
888 653 1010 714 lukarn
1037 653 1218 716 carnificem
1236 655 1344 737 primo
1371 655 1477 716 citatus

215 783 280 824 non
305 762 494 844 comparuit.

321 869 397 930 ltem
424 867 622 948 Dragozlaus
640 865 780 928 carnifex
805 879 916 928 contra
934 866 1134 949 Stephanum
1158 867 1264 950 primo
1287 868 1402 929 citatus
1419 887 1477 928 non

215 975 405 1057 comparuit.

319 1081 396 1142 ltem
430 1080 591 1143 lohannes
625 1080 771 1162 Samlyar
803 1093 913 1140 contra
946 1078 1140 1159 Gregorium
1176 1092 1334 1141 sartorem
1368 1092 1475 1140 octavo

214 1189 266 1249 die
291 1188 507 1270 respondebit.

320 1294 397 1355 ltem
424 1293 591 1376 Philippus
616 1292 733 1374 figulus
756 1306 866 1355 contra
898 1291 1076 1373 Georgium
1103 1292 1199 1353 Loter
1230 1292 1339 1375 primo
1372 1291 1478 1352 citatus

214 1419 278 1461 non
312 1401 502 1483 comparuit.

320 1506 396 1568 ltem
422 1507 547 1588 Agatha
572 1507 689 1568 mulier
713 1520 821 1568 contra
846 1506 933 1568 lwan
963 1506 1134 1587 Hlebopek
1159 1504 1264 1586 primo
1298 1504 1394 1566 citata
1418 1521 1479 1563 non

213 1615 402 1695 comparuit.

318 1719 397 1782 ltem
422 1741 515 1783 causa
541 1719 648 1782 Mathe
681 1734 790 1782 contra
823 1721 906 1782 Rees
934 1720 974 1781 ad
1006 1733 1156 1782 octavum
1189 1717 1278 1779 diem
1302 1716 1344 1778 ad
1369 1734 1479 1799 pacem

214 1841 260 1889 est
284 1842 420 1911 recepta.

318 1935 396 1996 ltem
422 1933 546 1996 Malech
569 1948 678 1995 contra
703 1934 868 1995 Vrbanum
892 1933 1034 1995 secundo
1061 1933 1175 1995 citatus
1200 1952 1265 1993 non
1290 1933 1479 2014 comparuit.

319 2042 397 2103 ltem
412 2040 574 2102 Matheilro
588 2037 727 2101 carnifex
741 2053 850 2101 contra
866 2040 951 2100 lwan
967 2039 1071 2121 primo
1086 2039 1199 2100 citatus
1209 2057 1274 2099 non
1289 2039 1479 2121 comparuit.

319 2149 396 2211 ltem
435 2148 556 2230 Symon
593 2147 810 2228 carpentarius
842 2160 951 2207 contra
985 2144 1087 2207 lwech
1123 2145 1229 2227 primo
1270 2145 1386 2206 citatus
1417 2164 1479 2206 nou

213 2255 401 2338 comparuit.

319 2362 396 2423 ltem
416 2359 533 2421 Paulus
556 2359 658 2441 pictor
683 2372 713 2420 et
737 2360 859 2442 Symon
885 2358 969 2420 lilius
997 2358 1188 2441 Chepernya
1215 2371 1327 2420 contra
1352 2377 1421 2419 sese
1449 2358 1479 2418 in

213 2469 386 2550 quindenis
409 2481 504 2529 testes
528 2466 704 2548 producere
729 2466 857 2528 debent.

320 2575 396 2636 Item
406 2574 587 2634 Anthonius
597 2572 719 2633 Jursich
730 2587 838 2634 contra
850 2572 957 2634 Mathe
967 2573 1071 2653 primo
1081 2571 1194 2633 citatus
1205 2590 1269 2632 non
1284 2571 1477 2652 comparuit.

318 2681 394 2741 ltem
410 2680 525 2761 Gyuan
540 2693 648 2740 contra
663 2680 864 2740 Anthonium
876 2679 1070 2760 lleesprimo
1080 2678 1192 2739 citatus
1203 2697 1268 2738 non
1282 2677 1477 2760 comparuit.

319 2786 397 2848 ltem
412 2786 521 2846 Petrus
537 2799 650 2846 octavo
667 2786 718 2847 die
735 2805 791 2867 per
808 2785 1023 2847 Danchicham
1042 2786 1211 2846 mulierem
1225 2798 1256 2846 et
1272 2782 1476 2867 Dragycham

214 2894 381 2955 mulierem
407 2892 466 2953 hoc
491 2892 647 2969 atestabit,
673 2892 762 2973 quod
787 2891 948 2956 lohannes
981 2892 1121 2955 famulus
1149 2892 1264 2975 Gyuan
1297 2906 1478 2954 consortem

213 3021 303 3063 suam
329 3001 547 3082 vituperasset.

320 3107 396 3168 ltem
431 3106 551 3184 Petrus,
584 3106 773 3168 Dominicus
808 3120 838 3168 et
869 3106 1031 3168 lohannes
1063 3106 1188 3168 institor
1220 3119 1331 3168 contra
1367 3105 1481 3167 Paulas

213 3214 317 3295 primo
343 3213 428 3275 citati
453 3233 518 3274 non
543 3228 800 3296 comparuerunt.

319 3320 396 3381 ltem
423 3319 544 3402 Symon
569 3319 654 3381 filius
678 3320 868 3402 Chepernye
903 3320 934 3380 in
961 3317 1044 3381 facto
1070 3318 1235 3380 cuiusdam
1261 3332 1344 3380 terre
1370 3332 1479 3380 contra

214 3427 382 3488 dominum
408 3426 550 3488 Blasium
575 3426 845 3509 archydiaconum
863 3426 1019 3508 quasdam
1048 3426 1155 3488 literas
1179 3426 1210 3487 in
1236 3425 1412 3507 quindenis
1428 3446 1479 3487 ex·

214 3533 322 3595 hibere
347 3534 452 3594 debet.

319 3638 396 3700 ltem
423 3638 547 3699 Blasius
570 3639 658 3701 solus
682 3653 795 3701 octavo
820 3640 883 3718 die,
908 3640 996 3721 quod
1026 3639 1164 3721 quedam
1192 3639 1255 3700 due
1280 3639 1399 3701 scrinie
1423 3658 1478 3701 sue

213 3758 244 3807 et
268 3764 332 3806 non
359 3745 442 3805 lwan
466 3742 570 3805 fratris
593 3746 641 3806 sui
666 3743 794 3823 fuerint,
819 3746 970 3828 (jurabit).

319 3851 396 3912 ltem
413 3865 507 3912 testes
532 3851 628 3912 Blasii
653 3853 692 3913 ad
710 3866 859 3913 octavum
884 3852 968 3913 diem
994 3853 1034 3913 ad
1051 3851 1323 3914 deliberacionem
1350 3872 1477 3915 causam

214 3972 410 4041 receperunt.

320 4065 397 4126 ltem
409 4065 1477 4148 lipouchalrcontraMychaelemsecundocitatusnoncomparuit.

319 4171 396 4233 ltem
423 4172 604 4233 Mosnarich
626 4188 740 4235 octavo
757 4174 809 4234 die
834 4173 920 4236 solus
936 4194 1031 4255 super
1048 4193 1086 4234 co
1111 4172 1239 4253 jurabit,
1263 4173 1353 4254 quod
1374 4174 1477 4256 ipsum

215 4277 361 4360 Mychael
386 4297 450 4338 non
476 4279 694 4360 vituperasset.

319 4383 397 4444 ltem
416 4384 595 4465 Stephanus
614 4387 718 4467 primo
735 4385 856 4467 judicio
873 4400 944 4468 post
960 4406 1053 4448 suum
1071 4387 1244 4448 adventum
1263 4406 1320 4468 per
1342 4386 1477 4465 Ceuetlr‚

215 4488 373 4551 Briccium
399 4503 429 4550 et
453 4490 549 4569 lwan,
574 4492 661 4572 quod
688 4493 754 4574 ipse
772 4513 834 4554 una
860 4512 933 4553 cum
953 4494 1083 4554 Mareno
1108 4493 1315 4555 concordiam
1341 4492 1477 4572 fecisset,

213 4595 394 4678 (atestabitl.

319 4702 398 4765 ltem
423 4703 585 4765 lohannes
609 4703 779 4785 Cinhopek
804 4721 912 4769 contra
938 4707 1076 4768 Brumen
1103 4706 1246 4768 secundo
1272 4706 1388 4768 citatus
1412 4726 1475 4768 non

213 4809 402 4892 comparuit.
