3404 5362
527 321 612 377 Anno
635 317 727 396 1578.
753 353 792 362 -
818 333 865 397 17.
890 320 1063 395 septembris.
1380 340 1436 400 155

140 529 305 592 eandem
329 531 530 593 solucionem
556 530 701 613 quinque
726 550 904 592 marcarum
934 529 1089 614 Gyurgelr
1120 531 1292 614 calcaripar
1317 530 1434 594 eodem

140 646 314 719 ternpore
338 637 503 699 exsolvere
527 638 698 720 assumpsit
723 636 865 700 indilate.

276 761 355 823 Item
380 781 474 823 causa
499 760 632 842 Georgii
657 761 771 822 literati
798 775 829 824 et
845 761 1000 823 Johannis
1021 761 1161 824 Chemer
1185 776 1232 825 est
1256 776 1328 844 post
1353 782 1437 824 resa·

141 866 339 928 nacionem
365 867 465 949 ipsius
490 866 623 949 Georgii
655 868 696 929 ad
729 867 869 949 prImum
901 867 1056 949 judicIum
1082 889 1138 951 per
1170 868 1437 930 communitatem

139 988 348 1053 prorogata.

273 1078 353 1142 Item
378 1100 472 1143 causa
488 1081 614 1143 Nicolai
641 1082 807 1143 assessoris
831 1096 861 1141 et
879 1081 1054 1165 Mychaelis
1079 1096 1125 1143 est
1141 1095 1213 1163 post
1237 1081 1436 1143 vindemiam

141 1187 197 1247 ad
228 1186 372 1268 primum
397 1186 552 1266 judicium
574 1202 700 1268 recepta
725 1187 765 1249 ad
790 1207 914 1270 pacem.

273 1291 352 1354 Item
385 1293 497 1354 Petrus
530 1293 669 1354 decanus
702 1307 811 1355 contra
845 1293 1054 1355 Benedictum
1091 1294 1196 1374 primo
1235 1293 1356 1374 judicio
1388 1314 1436 1356 re-

141 1398 348 1480 spondebit.

274 1505 351 1567 Item
388 1505 570 1567 Alexander
609 1520 718 1568 contra
751 1506 920 1568 Priezorch
955 1506 1060 1588 primo
1101 1506 1213 1568 citatus
1249 1526 1313 1567 non
1347 1525 1435 1567 com·

141 1612 282 1693 paruit.

274 1717 350 1778 Item
376 1737 469 1779 causa
495 1717 650 1779 Iohannis
674 1732 704 1779 et
733 1718 857 1779 Nicolai
891 1718 1056 1778 assessoris
1089 1730 1135 1780 est
1158 1736 1216 1798 per
1241 1717 1434 1779 Mauricium

146 1825 201 1885 aad
228 1824 370 1906 primum
396 1823 551 1903 judicium
576 1837 703 1905 recepta
727 1824 768 1885 ad
792 1843 915 1905 pacem.

272 1947 349 2009 Item
374 1946 512 2009 Mathias
536 1949 679 2030 oroznyk
704 1967 760 2030 per
779 1947 953 2009 Martinum
970 1946 1113 2009 Gecham
1131 1962 1162 2009 et
1180 1948 1300 2009 Lucam
1318 1963 1428 2008 contra

149 2051 329 2116 'rhomam
354 2067 471 2116 octavo
496 2054 547 2115 die
572 2054 728 2131 atestabit,
752 2053 840 2134 quod
873 2072 1005 2115 uxorem
1037 2073 1128 2114 suam
1152 2053 1299 2136 turpibus
1324 2053 1429 2114 verbis

151 2159 331 2222 affecisset.
1121 2162 1125 2167 '

270 2265 347 2327 Item
362 2264 526 2326 universas
539 2266 756 2346 possessiones
773 2265 803 2326 in
823 2266 921 2327 nostri
940 2265 1048 2326 medio
1065 2280 1095 2327 et
1112 2265 1180 2327 eius
1193 2264 1354 2326 territorio
1370 2262 1425 2324 ha·

154 2372 244 2433 bitas
268 2385 299 2433 et
323 2372 494 2433 existentes
510 2370 596 2451 juxta
612 2372 726 2433 serlem
752 2386 783 2433 et
806 2372 1041 2434 continenciam
1060 2386 1239 2433 nostrarum
1264 2371 1430 2433 literarum

154 2477 413 2560 privilegialium
439 2477 591 2558 magistro
616 2477 781 2560 Stephano
814 2478 853 2539 de
879 2479 1056 2540 Monozlou
1089 2494 1197 2540 nostro
1222 2477 1347 2538 concivi
1372 2476 1428 2537 ad·

159 2582 377 2663 judicavimus
401 2597 557 2666 perpetuo
581 2583 809 2666 possidendas;
841 2585 942 2667 ipsam
975 2599 1082 2646 autem
1115 2604 1242 2647 causam
1276 2584 1429 2646 NIcolaus

157 2687 245 2751 filius
269 2689 443 2750 Alexandri
468 2689 507 2751 ad
533 2690 683 2771 antiquos
715 2689 837 2770 judices
868 2691 1044 2774 appellavit
1077 2692 1117 2753 ad
1150 2692 1318 2753 sabbatum
1345 2711 1430 2753 nunc

162 2794 344 2857 instantem.

268 2901 347 2964 Item
360 2902 545 2963 Anthonius
560 2901 682 2963 Jursich
700 2915 810 2965 contra
825 2904 939 2965 Paulas
954 2905 1057 2986 prImo
1074 2904 1196 2985 judicio
1209 2905 1428 2986 respondebit.

269 3024 346 3087 Item
372 3025 490 3086 Paulus
514 3024 675 3086 aurifaber
699 3040 808 3087 contra
835 3026 997 3089 Geninum
1024 3027 1162 3107 juratum
1185 3028 1291 3109 primo
1316 3028 1429 3090 citatus

164 3149 225 3192 non
251 3131 442 3213 comparuit.

269 3237 346 3298 Item
372 3256 466 3298 causa
497 3257 609 3299 voscar
640 3251 672 3300 et
704 3238 848 3300 Mauricii
882 3252 928 3300 est
960 3259 1015 3321 per
1040 3239 1182 3320 Filipum
1215 3240 1254 3301 ad
1287 3240 1427 3321 primum

163 3341 317 3423 judicium
342 3357 469 3424 recepta
492 3343 533 3404 ad
556 3363 678 3426 pacem,
703 3344 847 3427 alioquin
872 3346 1090 3428 respondebit.

266 3464 344 3529 Item
369 3467 570 3548 Margaretha
595 3468 711 3530 mulier
736 3483 850 3530 octavo
875 3469 925 3531 die
950 3490 983 3531 se
1011 3471 1150 3532 secunda
1174 3471 1292 3553 jurabit
1318 3471 1350 3531 ln
1375 3490 1427 3550 eo,

165 3573 250 3654 quod
276 3573 378 3655 ipsam
403 3574 559 3637 Martinus
584 3574 759 3656 Hungarus
782 3576 1006 3641 vulneraverit.

267 3698 343 3760 Item
363 3697 525 3760 lohannes
550 3699 665 3760 Lieber
690 3713 799 3761 contra
818 3699 970 3782 Gyurgek
988 3701 1218 3784 calcariparum
1243 3715 1357 3765 octavo
1375 3702 1427 3764 die

164 3799 289 3881 jurabit,
313 3803 402 3885 quod
427 3804 532 3885 ipsum
556 3824 622 3867 non
647 3806 861 3868 vulneraverit
885 3825 943 3867 nec
967 3808 1166 3888 percusserit.

267 3909 345 3970 Item
370 3908 532 3971 lohannes
549 3910 655 3973 literas
679 3924 710 3974 et
726 3912 787 3973 alia
812 3914 897 3974 bona
914 3912 1061 3974 universa
1079 3914 1253 3976 Benedicto
1270 3913 1426 3975 Wardich

162 4013 296 4076 restituit
319 4033 428 4076 coram
452 4016 556 4094 nobis,
581 4017 685 4097 ipsum
712 4017 897 4099 expeditum
921 4018 1097 4082 reddendo.

267 4119 345 4181 Item
370 4139 464 4182 causa
490 4121 629 4185 Ladislai
661 4122 754 4203 jurati
788 4137 818 4184 et
846 4124 930 4185 Petri
956 4124 1066 4187 estad
1097 4125 1237 4208 primum
1269 4124 1425 4205 judicium

162 4240 230 4305 post
255 4226 453 4288 vindemiam
477 4247 534 4310 per
557 4229 726 4291 Nicolaum
752 4228 876 4292 Odolas
900 4245 1026 4314 recepta
1050 4231 1090 4292 ad
1115 4251 1237 4314 pacem.

264 4349 341 4412 Item
375 4371 468 4413 causa
502 4351 645 4434 Georgii,
670 4354 876 4436 Wlkouyche
908 4368 939 4417 et
976 4356 1045 4418 Elie
1078 4372 1124 4420 est
1155 4376 1213 4439 per
1245 4356 1425 4418 Iohannem

162 4453 275 4519 Lieber
300 4456 341 4517 ad
365 4457 505 4539 primum
530 4458 686 4539 judicium
711 4474 836 4543 recepta
864 4461 905 4523 ad
929 4482 1051 4544 pacem.

264 4561 344 4623 Item
376 4561 548 4626 Chuethko
580 4579 694 4627 octavo
723 4566 775 4628 die
809 4580 874 4628 met
904 4569 1019 4629 tercius
1050 4567 1168 4649 jurabit
1199 4570 1231 4630 in
1261 4589 1310 4648 eo,
1335 4568 1424 4650 quod

159 4665 223 4749 ipse
249 4688 308 4730 nec
332 4688 388 4730 sua
419 4689 498 4731 uxor
529 4691 584 4733 sua
617 4673 701 4733 bona
727 4692 793 4734 non
825 4671 993 4751 furaverit3
1020 4675 1141 4737 ibidem
1175 4674 1302 4757 jurabit,
1334 4675 1423 4756 quod

160 4771 223 4854 ipse
247 4775 451 4837 Anthonium
473 4776 612 4857 juratum
637 4798 702 4840 non
727 4780 966 4861 vituperaverit.
