3404 5362
319 539 396 600 Item
423 559 516 600 causa
541 536 649 601 relicte
674 537 852 599 Sebastiani
878 551 908 598 et
933 536 1052 598 Mathie
1076 534 1228 597 aurifabri
1254 545 1303 598 est
1326 556 1384 619 per
1408 555 1478 619 pre·

213 646 315 709 dictos
338 659 433 707 testes
457 643 497 706 ad
521 658 596 706 octo
618 644 687 705 dies
710 656 836 726 recepta
865 642 905 704 ad
930 661 1053 725 pacem.

319 751 396 813 Item
421 771 514 813 causa
532 750 640 812 relicte
665 748 759 810 Frich
784 762 815 810 et
832 749 957 812 Nicolai
982 762 1028 811 est
1044 748 1085 809 ad
1106 760 1180 809 octo
1205 747 1272 810 dies
1296 763 1480 830 prorogata,

213 859 239 920 si
263 858 372 920 medio
395 870 541 940 tempore
565 855 760 919 concordare
782 856 932 937 poterim,
951 856 1033 917 bene
1058 854 1202 936 quidem,
1218 855 1366 936 alioquin
1391 853 1481 935 justi·

214 965 296 1027 ciam
321 963 475 1026 faciemus
498 963 580 1024 inter
604 962 699 1044 ipsos.

321 1070 398 1131 Item
423 1068 524 1131 Cursa
542 1067 782 1129 molendInator
806 1080 915 1129 contra
934 1065 1120 1127 Ladislaum
1137 1066 1221 1128 tular
1237 1066 1342 1148 primo
1368 1067 1483 1127 citatus

215 1197 281 1239 non
305 1175 495 1258 comparuit.

282 1394 379 1468 FerIa
407 1407 506 1467 sexta
533 1396 688 1484 proxima
716 1394 840 1465 festum
867 1394 1053 1483 predictum
1081 1389 1202 1483 Filippi
1232 1400 1266 1464 et
1294 1393 1415 1483 Jacobi

729 1518 969 1607 apostolorum.

765 1668 811 1749 (2.
835 1669 932 1750 maii).

325 1812 433 1874 Primo
467 1810 628 1873 lohannes
658 1826 746 1873 sutor
776 1824 886 1873 contra
919 1810 1099 1873 Iohannem
1131 1811 1236 1893 prImo
1268 1810 1383 1872 citatus
1418 1829 1485 1871 non

220 1919 409 2002 comparuit.

325 2025 403 2087 Item
436 2025 567 2087 domina
600 2025 710 2086 Betres
741 2036 855 2083 octavo
880 2020 931 2082 die
962 2020 1080 2102 jurabit
1112 2022 1143 2082 in
1175 2041 1225 2100 eo,
1250 2022 1338 2103 quod
1372 2022 1485 2084 relicta

222 2131 375 2214 Stephani
399 2130 457 2193 filii
483 2131 620 2193 Farcasii
645 2129 776 2192 domine
801 2128 887 2189 Files
910 2149 963 2189 sex
988 2127 1057 2190 flor.
1089 2147 1153 2189 non
1179 2127 1344 2190 dimiserit.

325 2237 403 2299 Item
428 2237 577 2298 Marenus
601 2250 710 2298 contra
735 2235 915 2296 Janslinum
943 2248 1059 2296 octavo
1081 2233 1133 2295 die
1157 2235 1376 2316 respondebit.

326 2342 403 2403 Item
429 2342 591 2403 Iohannes
614 2341 699 2403 filius
728 2342 873 2403 Domkus
905 2341 1075 2422 Damyano
1100 2341 1139 2402 de
1165 2340 1299 2402 Rabuch
1325 2341 1357 2401 in
1390 2343 1487 2422 quln-

220 2446 312 2509 denis
335 2447 448 2528 viginti
474 2463 504 2509 et
536 2448 679 2529 quinque
712 2446 780 2510 flor.
814 2446 853 2507 de
888 2446 982 2508 bonis
1006 2445 1109 2508 lratris
1141 2447 1189 2508 sui
1215 2447 1340 2508 Nicolai
1364 2448 1488 2528 persol-

220 2572 294 2613 vere
318 2552 422 2616 debet.

326 2657 405 2720 Item
431 2657 538 2719 relicta
564 2657 689 2720 Crisani
714 2671 823 2719 contra
856 2657 1000 2720 relictam
1027 2658 1152 2720 Nicolai
1177 2658 1289 2720 Touth
1314 2659 1421 2741 primo
1445 2660 1488 2722 ci·

220 2776 284 2826 tata
308 2783 373 2824 non
398 2763 587 2846 comparuit.

326 2869 405 2931 Item
429 2869 566 2931 Iacobus
589 2869 720 2951 pellifex
752 2884 861 2933 contra
893 2870 1038 2933 relictam
1070 2871 1194 2933 Nicolai
1221 2870 1354 2933 Thouth
1379 2870 1488 2953 primo

221 2975 335 3039 citatus
358 2996 425 3038 nou
449 2977 638 3058 comparuit.

327 3083 404 3145 Item
430 3083 589 3145 lanchech
614 3097 723 3145 contra
748 3084 881 3144 luanum
901 3083 1038 3146 Plauech
1063 3098 1177 3146 octavo
1200 3083 1251 3145 die
1268 3084 1488 3166 respondebit.

327 3186 406 3250 Item
431 3188 592 3251 Iohannes
624 3188 708 3250 lilius
740 3190 885 3250 Domkus
915 3190 1063 3251 Markoni
1095 3188 1162 3251 filio
1193 3190 1293 3252 Putan
1318 3191 1347 3250 X
1372 3209 1488 3272 pensas

224 3294 385 3377 persolvet
408 3294 441 3356 in
465 3294 647 3376 quindenis.

329 3399 405 3461 Item
420 3400 564 3462 Francha
581 3414 690 3464 contra
705 3401 841 3463 Paulum
854 3400 1053 3463 aurifabrum
1066 3415 1179 3464 octavo
1198 3402 1249 3464 die
1266 3402 1486 3485 respondebit.

328 3506 406 3568 Item
430 3506 572 3568 Bricciua
589 3507 803 3568 mercenarius
827 3508 935 3568 relicte
953 3507 1139 3569 Peterkonis
1156 3523 1266 3572 contra
1283 3507 1486 3570 Anthonium

224 3611 348 3673 JursIch
372 3625 485 3674 octavo
510 3612 562 3674 die
586 3633 618 3674 se
650 3613 765 3675 tercius
797 3613 915 3694 jurabit
947 3614 1054 3694 ineo,
1086 3616 1174 3697 quod
1207 3616 1274 3698 ipse
1297 3634 1406 3675 ocreas
1437 3613 1486 3675 sui

224 3717 413 3779 mercenarii
438 3718 470 3779 in
495 3719 620 3800 pascuis
643 3739 707 3781 non
733 3718 894 3781 furaverit.

329 3823 393 3885 lem
418 3823 547 3886 Lachko
572 3838 681 3887 contra
706 3824 885 3906 Georgium
909 3827 1051 3888 secundo
1076 3826 1188 3888 citatus
1212 3845 1277 3887 non
1296 3826 1486 3909 comparuit.

330 3928 408 3991 Item
433 3929 616 3991 Anthoniua
640 3931 788 4014 Zitarych
822 3945 931 3993 contra
965 3931 1128 3994 Thomam
1152 3947 1267 3996 octavo
1299 3932 1351 3993 die
1375 3952 1408 3994 ae
1439 3952 1486 3993 se-

224 4034 349 4097 cundus
372 4034 488 4116 jurabit
512 4056 607 4118 super
630 4056 680 4116 eo,
705 4037 794 4119 quod
819 4037 923 4120 ipsum
950 4057 1014 4099 non
1040 4039 1262 4100 verberaverit.

331 4141 410 4204 Item
433 4140 490 4204 filii
516 4141 641 4204 Crisani
675 4142 808 4205 domiue
840 4143 961 4207 Dicaue
993 4158 1106 4207 octavo
1139 4143 1191 4205 die
1214 4145 1286 4207 XVI
1314 4144 1382 4205 flor.
1407 4157 1438 4205 et
1461 4142 1485 4203 II

224 4248 303 4311 cilos
327 4263 496 4330 argenteos
520 4249 683 4311 exsolvere
708 4250 836 4313 debent.

329 4355 407 4417 Item
441 4355 593 4417 Nicolaus
629 4355 713 4418 filius
742 4357 867 4419 Nicolai
901 4371 1010 4419 contra
1042 4357 1172 4418 Petrum
1204 4357 1348 4419 Priorem
1380 4356 1486 4438 primo

223 4461 337 4525 citatus
360 4481 426 4524 non
455 4462 645 4543 comparuit.

330 4567 408 4630 Item
425 4567 543 4629 Batista
561 4581 670 4630 contra
684 4567 805 4630 Lucam
822 4568 960 4650 juratum
973 4569 1079 4651 primo
1092 4570 1205 4633 citatus
1217 4589 1282 4631 non
1296 4569 1487 4651 comparuit.

329 4670 407 4735 Item
438 4671 583 4735 Andreas
614 4686 724 4735 contra
757 4674 911 4736 Iacobum
943 4674 1046 4737 filium
1077 4676 1177 4737 Marci
1199 4675 1341 4738 secundo
1372 4676 1488 4738 citatus

224 4799 289 4841 non
314 4780 503 4865 comparuit.
