3404 5362
271 239 334 300 320
656 221 743 278 Anno
765 232 858 297 139⁰·
882 254 923 262 -
949 215 999 281 18.
1023 221 1135 280 martii.
1476 287 1661 331 s

377 431 455 493 Item
481 430 579 492 Lucia
604 431 729 494 mulier.

377 538 454 600 Item
480 537 565 599 Iwan
583 537 685 600 Gozel
703 553 812 601 contra
831 541 985 601 Iacobum
1004 538 1109 621 prImo
1123 539 1236 599 citatus
1261 557 1326 599 non
1344 524 1684 620 comparuitsae·

376 643 454 706 Item
480 644 645 705 Emericus
676 659 785 706 contra
818 645 938 706 Lucam
971 645 1076 726 prImo
1108 645 1221 706 citatus
1252 662 1318 705 non
1343 644 1521 725 comparuit

375 751 452 811 Item
476 750 651 830 Gregorius
676 751 830 833 voyschar
860 765 891 813 et
916 750 1040 812 Blasich
1065 764 1175 812 contra
1201 749 1338 832 Mykech
1362 751 1468 832 primo
1492 750 1602 811 εἰκ
1687 759 1697 770 ·

271 857 327 919 tati
352 876 416 918 non
443 872 701 940 comparuerunt.

377 963 455 1026 Item
481 965 622 1045 Zagorcz
647 979 757 1026 contra
776 964 987 1026 Benedictum
1008 965 1125 1047 Kopun
1144 978 1258 1025 octavo
1283 963 1335 1024 die
1351 976 1449 1025 testes
1466 983 1619 1047 pro-f
1673 970 1692 993 ·

270 1070 386 1132 ducere
410 1071 515 1133 debet.

375 1177 452 1238 Item
467 1177 585 1238 Paulus
609 1175 769 1238 aurifaber
793 1191 903 1239 contra
929 1177 1072 1239 Blasium
1090 1177 1196 1259 primo
1219 1177 1334 1238 citatus
1358 1196 1425 1238 non
1452 1196 1632 1238 comae

269 1284 385 1365 paruit.

374 1391 452 1452 Item
490 1391 636 1474 Mathyas
671 1405 780 1453 contra
817 1392 945 1452 Petrum
981 1405 1134 1453 sartorem
1171 1391 1276 1473 primo
1316 1390 1433 1453 citatus
1468 1409 1529 1451 non
1600 1384 1698 1437 fl

269 1497 459 1580 comparuit.

375 1603 451 1665 Item
468 1603 569 1665 Malar
581 1619 612 1665 et
626 1604 736 1666 Petrus
752 1617 862 1666 contra
874 1605 956 1666 Rees
970 1604 1074 1687 primo
1088 1604 1173 1666 citati
1192 1623 1256 1666 nou
1274 1617 1533 1686 comparuerunt.
1573 1628 1680 1653 l
1694 1621 1700 1634 ·

374 1709 452 1770 Item
470 1708 632 1771 Iohannes
656 1723 764 1772 contra
790 1710 920 1771 Petrum
940 1709 1047 1792 prImo
1071 1711 1184 1771 citatus
1208 1729 1274 1772 non
1298 1711 1489 1792 comparuit.

376 1816 452 1877 Item
479 1815 669 1877 Dominicus
702 1816 830 1878 Platnar
861 1829 971 1878 contra
1005 1816 1159 1878 Iacobum
1192 1817 1297 1899 primo
1322 1816 1439 1877 citatus
1472 1835 1535 1876 non
1579 1803 1700 1865 ᾤ

270 1922 460 2003 comparuit.

374 2027 451 2090 Item
476 2028 661 2090 Anthonius
686 2028 819 2111 Jursych
843 2043 954 2091 contra
975 2027 1170 2109 Aguatinum
1194 2027 1302 2110 primo
1330 2028 1447 2092 citatus
1471 2049 1534 2091 non
1611 2018 1697 2073 Ξ

267 2135 457 2216 comparuit.

376 2240 453 2302 Item
479 2239 656 2322 Gregorius
680 2255 712 2303 et
735 2242 854 2303 Paulus
887 2255 997 2304 contra
1030 2241 1188 2303 Marinum
1212 2241 1317 2324 primo
1349 2240 1437 2304 citati
1470 2262 1533 2303 non

267 2361 526 2428 comparuerunt.

374 2450 451 2513 Item
484 2453 649 2515 Emericus
682 2468 712 2514 et
745 2455 927 2537 Stephanus
959 2470 1068 2519 eontra
1105 2455 1275 2517 Nicolaum
1308 2454 1416 2537 primo
1450 2454 1534 2516 citati

267 2577 333 2619 nou
358 2572 616 2640 comparuerunt.

373 2663 449 2726 Item
475 2664 587 2746 Sergig
612 2681 721 2729 contra
748 2668 940 2730 Michaelem
964 2668 1070 2751 primo
1102 2668 1216 2731 citatus
1247 2687 1313 2730 non
1337 2668 1528 2750 comparuit.

441 2899 538 2974 Feria
566 2912 664 2974 sexta
692 2906 847 2993 proxIma
880 2914 957 2979 ante
986 2907 1186 2978 dominicam
1213 2906 1347 2998 Judlca.

795 3055 859 3134 (18.
891 3059 1010 3129 martir).

372 3195 450 3257 Item
476 3197 641 3258 Emericus
666 3211 774 3259 contra
801 3197 972 3261 Lucasium
995 3201 1186 3263 secundario
1210 3201 1325 3264 citatus
1349 3220 1415 3263 uon
1441 3219 1528 3263 com·

268 3303 383 3385 paruit.

372 3408 449 3471 Item
475 3409 544 3469 Kus
568 3423 677 3470 contra
703 3410 831 3472 Petrum
852 3412 1042 3475 secundario
1067 3413 1180 3476 citatus
1204 3433 1269 3476 non
1294 3413 1486 3495 comparuit.

373 3516 450 3579 Item
473 3516 627 3578 Nicolaus
643 3517 801 3600 Delasych
819 3519 850 3580 in
869 3519 973 3602 primo
991 3519 1111 3600 judIcio
1128 3533 1238 3584 contra
1256 3518 1417 3603 Magdych
1433 3531 1528 3582 testes

266 3624 444 3708 producere
472 3622 577 3685 debet.

371 3730 448 3793 Item
475 3731 639 3792 Emericus
664 3745 772 3793 contra
798 3733 968 3795 Nicolaum
994 3733 1025 3795 in
1043 3733 1149 3816 primo
1166 3732 1286 3816 judicio
1310 3730 1531 3813 respondebit.

372 3836 451 3898 Item
477 3856 571 3898 causa
596 3837 685 3898 Pauli
705 3837 844 3899 Meriche
870 3853 979 3900 contra
997 3839 1126 3901 Petrum
1139 3839 1179 3900 ad
1197 3857 1308 3920 pacem
1325 3849 1372 3899 est
1388 3851 1525 3920 recepta.

369 3943 447 4005 Item
473 3945 585 4005 Petrus
607 3942 766 4024 gladiator
790 3960 900 4007 contra
925 3946 1061 4007 Paulum
1094 3944 1286 4008 secundario
1317 3943 1433 4008 citatus
1463 3962 1529 4005 non

263 4049 454 4131 comparuit.

369 4155 447 4219 Item
481 4176 574 4217 causa
607 4155 762 4219 Iohannis
794 4159 930 4219 Zerman
963 4171 1072 4220 contra
1106 4158 1244 4220 Paulum
1275 4156 1316 4219 ad
1339 4175 1454 4240 pacem
1486 4169 1532 4218 est

263 4276 401 4346 recepta.

369 4369 447 4432 Item
472 4367 649 4449 Gregorius
673 4369 828 4451 voyschar
852 4384 962 4432 contra
982 4369 1132 4452 Magdich
1158 4370 1189 4431 in
1213 4369 1319 4453 primo
1343 4368 1466 4451 judicio
1481 4390 1531 4432 re-

262 4475 443 4559 spondebit.

368 4581 444 4644 Item
482 4583 593 4642 Petrus
628 4594 658 4642 et
682 4582 837 4644 Nicolaus
872 4599 981 4646 contra
1018 4583 1082 4645 Res
1118 4583 1150 4644 in
1185 4582 1290 4665 primo
1324 4581 1448 4665 judicio
1483 4604 1530 4645 re-

262 4688 478 4771 spondebunt.
1342 4702 1346 4711 '
