3404 5362
629 354 714 409 Anno
737 363 825 428 1375.
851 384 892 394 -
916 366 947 426 4.
971 353 1050 409 maii.

320 560 397 623 Item
422 576 536 623 octavo
561 561 613 624 die
637 561 713 622 luan
738 575 847 622 contra
870 560 1045 621 Martinam
1062 580 1095 621 se
1120 573 1226 621 sextus
1242 558 1361 640 jurabit
1384 578 1480 641 super

215 687 264 744 e0,
289 667 377 748 quod
402 667 448 729 nil
472 667 603 730 haberet
626 667 665 730 de
691 667 785 729 bonis
815 666 995 747 patrissui.

320 772 399 834 ltem
423 787 537 835 octavo
561 773 613 834 die
638 773 746 836 Vrban
770 785 860 834 sutor
878 785 988 834 contra
1012 773 1194 855 Ztoyanum
1218 771 1336 853 jurabit
1359 791 1393 834 ee
1418 783 1480 832 ter-

215 879 282 940 cius
307 898 473 961 supereo,
498 878 586 960 quod
610 898 704 940 suum
728 878 856 940 lardum
880 896 945 939 non
969 877 1134 940 ocultaret.

322 1002 400 1064 ltem
423 1002 538 1063 ancilla
564 1003 692 1064 Martini
710 1002 856 1082 Hungari
881 1015 995 1063 octavo
1012 1002 1065 1063 die
1087 1014 1224 1063 aeserta
1248 1001 1367 1083 iurabit
1384 1020 1482 1083 super

214 1127 264 1186 eo,
289 1108 377 1189 quod
402 1109 552 1170 scrinium
578 1128 634 1170 sue
658 1108 789 1170 domine
814 1127 879 1169 non
904 1107 1049 1189 fregisset
1072 1127 1130 1170 nec
1153 1107 1276 1190 aliquid
1300 1107 1339 1168 de
1364 1106 1480 1168 eadem

214 1215 428 1277 subtraxisset.

319 1320 397 1382 Item
422 1320 467 1382 lsa
494 1321 609 1382 mulier
632 1321 671 1382 de
698 1320 848 1403 Vgrouch
870 1319 965 1382 debet
989 1320 1021 1381 in
1046 1320 1217 1401 prangario
1241 1319 1352 1383 sedere
1377 1339 1482 1401 usque

215 1425 292 1487 dum
311 1426 433 1488 domini
452 1427 491 1487 de
509 1447 617 1488 mensa
634 1440 775 1508 surgent,
792 1439 922 1508 propter
938 1426 1079 1507 quodam
1105 1425 1237 1505 lurtum,
1254 1438 1284 1488 et
1300 1426 1345 1487 sic
1363 1426 1481 1508 expelli

218 1531 257 1592 de
281 1533 407 1593 civitate
432 1547 463 1595 et
486 1552 653 1613 nunquam
678 1533 816 1614 amplius
841 1532 957 1594 intrare
990 1531 1162 1611 civitatem,
1187 1530 1325 1613 quodsi
1350 1532 1482 1594 inventa

215 1636 366 1699 fueritin
391 1639 517 1700 civitate
541 1638 684 1699 auricula
709 1639 809 1719 ipsius
833 1637 1023 1699 abscidetur.

319 1761 397 1823 ltem
423 1761 597 1822 Katberina
621 1761 737 1823 mulier
761 1780 824 1842 que
848 1761 1002 1821 subtraxit
1022 1761 1234 1842 tepeNicolai
1260 1759 1317 1823 filii
1343 1759 1480 1840 Odolas,

215 1867 352 1928 condam
377 1867 535 1948 jobagissa
560 1867 691 1946 Paulek,
721 1867 981 1949 quandocunque
1004 1867 1036 1927 in
1067 1868 1187 1929 tenutis
1211 1880 1317 1930 nostre
1343 1868 1482 1929 civitatis

214 1986 337 2054 reperta
361 1972 467 2052 fuerit,
491 1973 649 2054 justiciam
675 1971 828 2033 faciemus
853 1972 891 2033 de
916 1973 1040 2035 eadem.

320 2079 397 2139 ltem
422 2078 582 2160 Georgius
598 2078 683 2140 filius
707 2077 861 2160 Stephani
879 2091 989 2140 contra
1014 2077 1193 2160 Georgium
1212 2077 1355 2141 Gerdine
1373 2079 1481 2162 primo

215 2186 329 2247 citatus
351 2205 416 2247 non
441 2186 630 2268 comparuit.

320 2291 397 2353 Item
422 2291 598 2374 Gregorius
622 2306 731 2354 contra
758 2291 921 2353 Andream
946 2291 1049 2353 filium
1074 2291 1207 2373 Georgii
1231 2289 1288 2353 filii
1314 2290 1415 2354 Pethlr
1441 2292 1481 2353 de

215 2397 296 2459 ultra
321 2398 407 2460 Zaua
433 2398 664 2480 comprobavit,
688 2399 776 2479 quod
809 2399 868 2460 sibi
894 2399 925 2459 in
951 2399 1052 2460 tribus
1083 2399 1190 2480 pensis
1213 2397 1424 2460 denariorum
1450 2412 1481 2460 et

215 2503 247 2563 in
272 2523 335 2564 una
366 2505 488 2566 tunella
522 2505 642 2566 vinaria
673 2518 851 2580 teneretur3
888 2505 954 2586 ipse
979 2517 1086 2566 autem
1124 2503 1270 2565 Andreas
1301 2523 1367 2565 non
1392 2506 1482 2567 venit

217 2628 322 2689 neque
346 2610 442 2671 misit.

321 2714 398 2776 ltem
422 2714 576 2776 Nicolaus
599 2714 684 2777 lilius
708 2717 859 2779 Hrenlrus
875 2718 906 2779 in
932 2717 1106 2799 quindenis
1122 2718 1230 2779 Blasio
1247 2717 1392 2799 quinque
1410 2716 1482 2780 flor.

215 2821 338 2883 solvere
360 2821 464 2883 debet.

320 2928 398 2988 ltem
442 2929 641 3009 Margaretha
681 2929 792 2992 Gozlra
836 2945 945 2992 contra
990 2929 1083 2992 luech
1127 2930 1232 3013 primo
1272 2929 1366 2990 citata
1412 2949 1482 2990 non

214 3035 400 3115 comparuit.

320 3158 396 3219 ltem
429 3172 544 3220 octavo
574 3159 625 3222 die
656 3159 781 3221 Blasius
812 3176 923 3224 contra
953 3162 1126 3222 Nicolaum
1158 3159 1379 3221 testimonium
1405 3179 1480 3242 pro·

214 3264 308 3326 ducet
331 3284 387 3346 per
405 3263 538 3326 uxor'em
556 3265 706 3347 Symonis
730 3266 896 3344 carnificis,
914 3266 1178 3329 Obradouicham
1196 3279 1227 3328 et
1243 3264 1480 3328 Mala-luanam

215 3391 375 3453 supereo,
392 3372 480 3452 quod
495 3390 574 3433 uxor
591 3372 690 3453 ipsius
708 3373 803 3433 Blasii
823 3373 882 3453 ipsi
900 3372 1036 3433 Nicolao
1052 3371 1155 3433 tribus
1179 3371 1271 3433 annis
1287 3371 1481 3433 servivisset.

322 3495 398 3557 ltem
424 3508 538 3556 octavo
563 3494 614 3556 die
638 3494 821 3556 Anthonius
854 3495 977 3557 Jursich
1010 3494 1170 3577 quidquid
1202 3495 1242 3557 ad
1266 3494 1364 3558 iidem
1389 3516 1480 3558 acce·

214 3602 305 3684 perit,
330 3599 483 3661 Malinich
507 3600 567 3661 sibi
591 3600 752 3662 exsolvere
777 3600 873 3663 debet
897 3615 928 3662 et
951 3600 1048 3682 judici
1074 3601 1112 3662 lll
1138 3621 1265 3684 pensas.

321 3706 397 3767 ltem
414 3706 567 3767 Clemens
590 3719 703 3768 octavo
721 3705 772 3769 die
797 3727 830 3768 se
847 3707 962 3769 tercius
979 3706 1095 3788 jurabit
1112 3727 1208 3791 super
1231 3728 1281 3788 eo,
1305 3708 1394 3790 quod
1413 3708 1482 3792 ipse

216 3813 344 3874 bursam
370 3812 471 3894 Mikyl
496 3831 560 3873 non
585 3809 747 3874 furaverit.

319 3936 398 3999 ltem
422 3937 496 4017 quia
521 3936 632 3997 Marko
653 3956 712 4018 pro
746 3937 888 4017 quodam
919 3938 1050 3999 homine
1074 3938 1151 3999 luan
1182 3950 1307 4015 vocato,
1330 3938 1484 4010 Nicolaor

214 4042 280 4105 filio
306 4045 408 4126 Lapas
432 4040 599 4104 fideiussor
623 4042 784 4120 extitisset,
810 4043 875 4124 ipse
902 4045 1013 4105 Marko
1039 4044 1179 4105 eundem
1205 4043 1282 4105 luan
1307 4057 1343 4105 ut
1369 4044 1469 4107 debui

214 4149 417 4234 presentavit,
442 4149 608 4229 dictusque
633 4148 786 4209 Nicolaus
810 4168 875 4210 non
900 4150 988 4211 venit
1020 4170 1124 4232 neque
1149 4149 1245 4228 misit,
1271 4168 1347 4230 ergo
1372 4153 1477 4213 accio-

214 4277 287 4319 nem
311 4274 400 4317 suam
425 4274 482 4316 seu
505 4274 632 4317 causam
657 4253 806 4335 perdidit.

318 4380 396 4442 ltem
420 4399 513 4441 causa
539 4377 715 4461 Mychaelis
746 4376 839 4458 jurati
873 4391 904 4440 et
928 4379 1029 4462 Milryl
1061 4393 1107 4441 est
1131 4400 1187 4462 per
1212 4380 1369 4442 Jacobum
1395 4381 1481 4443 ensi·

213 4505 326 4567 parum
351 4485 390 4547 ad
416 4498 488 4546 octo
513 4484 581 4545 dies
604 4498 730 4565 recepta
759 4484 799 4545 ad
824 4504 947 4566 pacem.

319 4591 396 4654 ltem
421 4590 568 4652 Thomas
599 4604 687 4653 sutor
718 4605 828 4653 contra
854 4592 1055 4674 Mychaelem
1082 4592 1253 4675 Damyani,
1281 4592 1358 4673 quia
1382 4611 1415 4654 se
1440 4593 1481 4654 ad

217 4717 328 4780 pacem
354 4711 549 4779 receperant,
574 4716 638 4758 non
664 4698 751 4759 venit
776 4717 881 4779 neque
907 4700 1002 4762 misit.

317 4804 397 4866 ltem
421 4803 584 4866 Corardus
608 4818 717 4866 contra
743 4805 883 4866 eundem
909 4804 1109 4889 Mychaelem
1134 4825 1200 4867 non
1221 4805 1413 4888 comparuit.
