3404 5362
499 332 695 412 Anno1378.
720 367 760 378 —
783 349 834 411 13.
857 336 983 409 augusti.
1321 352 1377 416 143

215 547 293 608 Item
319 546 375 608 Sib
399 560 510 609 contra
536 545 701 608 Geninum
726 545 832 627 primo
857 546 971 608 citatus
994 564 1059 606 non
1084 544 1275 628 comparuit.

217 652 296 715 Item
322 651 491 714 Ladisiaus
514 651 635 734 juratus
658 666 773 714 octavo
798 651 850 714 die
874 671 931 735 per
954 651 1157 714 Anthonium
1181 665 1324 714 sutorem
1348 665 1380 713 et

122 757 290 821 Iohannem
315 758 503 841 selIiparum
528 758 677 820 atestabit
700 758 788 840 quod
812 757 919 839 ipsum
943 757 1182 839 vituperaverit.

223 866 300 927 Item
326 863 473 927 Geninus
490 883 635 926 «assessor
658 884 756 946 quam
775 883 904 926 causam
927 883 1023 944 super
1047 863 1154 927 Lachk
1180 863 1379 946 quesivisset‚

122 971 265 1052 perdidit,
290 971 365 1053 quia
390 971 422 1032 in
448 970 638 1033 testimoniis
662 968 789 1032 defecit.

219 1077 298 1139 Item
323 1076 477 1138 NicoIaus
501 1076 638 1137 condam
659 1075 755 1156 judex
772 1089 887 1138 octavo
912 1075 963 1137 die
988 1077 1136 1138 atestabit
1159 1075 1248 1158 quod
1273 1076 1378 1158 ipsum

117 1203 229 1265 parvus
254 1183 342 1245 Elias
365 1183 472 1245 verbis
495 1181 642 1263 turpibus
664 1181 830 1246 affecisset.

117 1403 210 1476 feria
239 1413 335 1477 sexta
363 1407 518 1493 proxima
556 1411 635 1475 ante
662 1403 785 1475 festum
812 1401 1065 1492 Assumpcionis
1094 1404 1237 1491 virginis
1265 1403 1380 1474 Maria.

633 1567 695 1633 (13.
718 1557 861 1632 augusta).

219 1698 328 1760 Primo
352 1696 500 1779 Mychael
525 1695 610 1758 filius
634 1696 725 1758 Pauli
758 1710 869 1758 contra
899 1695 1070 1758 dominum
1094 1695 1242 1758 Priorem
1273 1695 1379 1778 primo

114 1805 225 1867 citatus
247 1823 313 1866 non
337 1802 527 1884 comparuit.

216 1908 294 1970 Item
319 1928 412 1970 rausa
438 1907 580 1970 Brumen
603 1922 635 1969 et
652 1908 815 1970 Dominici
840 1922 887 1970 est
910 1927 967 1989 per
984 1906 1137 1990 Gyurgek
1154 1907 1194 1969 ad
1220 1920 1293 1969 octo
1311 1905 1379 1968 dies

115 2028 237 2096 recepta
261 2014 302 2076 ad
326 2033 448 2096 pacem.
627 2016 630 2024 '

218 2120 297 2181 Item
329 2119 437 2183 Mathe
462 2119 588 2182 Crisani
621 2134 731 2182 contra
764 2119 927 2181 andream
951 2119 1006 2182 Sib
1038 2119 1143 2200 primo
1176 2119 1289 2181 citatus
1313 2137 1378 2180 non

113 2226 298 2308 comparuit.

215 2331 294 2392 Item
323 2350 417 2392 causa
442 2330 590 2393 MercIini
615 2345 646 2393 et
678 2330 787 2394 Mathe
810 2344 956 2393 sutorum
991 2345 1038 2392 est
1069 2350 1126 2414 per
1150 2328 1311 2393 Janchech
1345 2343 1377 2391 et

110 2436 279 2499 Nicolaum
304 2435 428 2498 OdoIas
452 2436 491 2498 ad
516 2451 589 2499 octo
613 2436 681 2498 dies
703 2451 830 2520 recepta
855 2437 895 2499 ad
919 2441 1041 2519 pacem.

217 2542 296 2604 Item
327 2562 422 2604 causa
453 2543 583 2604 Renarii
616 2558 647 2605 et
678 2543 834 2605 Iohannis
866 2544 982 2606 Lieber
1021 2556 1066 2605 est
1102 2563 1158 2625 per
1190 2542 1378 2624 magistrum

115 2647 251 2710 Paulum
275 2662 306 2709 et
330 2646 509 2729 Georgium
533 2648 696 2710 literatum
714 2648 761 2712 ad
789 2663 863 2711 octo
888 2648 956 2711 dfes
980 2663 1107 2731 recepta
1132 2649 1171 2711 ad
1195 2667 1318 2731 pacem.

217 2754 294 2817 Item
319 2753 505 2816 Anthonius
529 2754 652 2816 Jursich
678 2770 788 2818 contra
822 2755 911 2817 Hans
934 2756 1097 2818 literatum
1130 2756 1236 2837 primo
1266 2755 1379 2818 citatus

113 2879 176 2921 non
203 2860 393 2941 comparuit.

219 2966 298 3028 Item
322 2966 464 3029 Bedirha
500 2966 639 3030 carnifex
672 2982 782 3030 contra
806 2987 856 3030 ser
888 2967 1099 3030 Benedictum
1129 2968 1233 3049 primo
1265 2968 1379 3030 citatus

112 3091 176 3133 non
200 3073 391 3155 comparuit.

216 3177 296 3240 Item
322 3179 390 3240 Kus
422 3178 462 3241 de
495 3179 647 3241 Pobresia
678 3193 788 3241 contra
813 3179 920 3241 Eliam
952 3179 1084 3260 vigilem
1116 3192 1230 3241 octavo
1254 3178 1305 3240 die
1330 3199 1378 3240 re·

114 3284 294 3367 spondebit.

217 3391 297 3454 Item
314 3391 460 3453 'Vardich
477 3390 658 3454 Iohannem
674 3411 769 3473 super
786 3391 937 3453 omnibus
954 3390 1245 3472 depredacionibus
1263 3390 1379 3452 domus

114 3499 268 3561 Iohannis
293 3497 349 3560 filii
374 3497 526 3560 chheni
551 3497 686 3559 omnino
711 3511 741 3558 et
764 3497 905 3559 totaliter
928 3498 1116 3579 expurgavit
1139 3517 1249 3559 coram
1274 3498 1377 3559 nobis.

216 3604 295 3666 Item
320 3603 392 3666 Elia
416 3601 577 3666 aurifaber
601 3603 633 3664 in
658 3603 833 3685 quindenis
853 3603 1005 3684 magistro
1030 3603 1179 3665 Emerico
1204 3603 1378 3664 castellano

112 3710 251 3772 mediam
277 3729 429 3789 marcam,
446 3729 544 3772 unam
562 3711 690 3772 unciam
707 3724 738 3772 et
754 3729 855 3771 unum
872 3712 974 3771 nezek
990 3708 1046 3771 fini
1064 3709 1188 3791 argenti
1206 3710 1380 3791 persolvet.

217 3816 296 3879 Item
320 3816 407 3877 idem
432 3815 503 3878 Elia
527 3814 689 3877 aurifaber
712 3836 745 3877 se
769 3814 843 3877 fidei
869 3815 1011 3896 magistri
1032 3815 1163 3877 'NicoIai
1188 3815 1228 3877 de
1254 3815 1378 3877 Dobra·

112 3921 215 3984 Irucba
239 3922 368 3986 racione
390 3922 526 3983 duarum
550 3940 731 3984 marcarum
754 3921 878 4002 argenti
902 3921 1061 3999 submisit,
1085 3920 1141 3983 fini
1166 3921 1300 4003 argenti.

220 4028 299 4091 Item
322 4048 415 4090 causa
440 4028 596 4091 Iohannis
626 4026 773 4111 pellificis
797 4041 828 4090 et
860 4027 935 4090 SIek
968 4027 1104 4110 lapicide
1137 4041 1184 4090 est
1208 4047 1264 4110 per
1287 4028 1378 4089 Mau-

111 4133 226 4197 ricium
248 4134 289 4196 ad
314 4148 388 4197 octo
412 4133 482 4197 dies
504 4148 630 4216 recepta
654 4133 695 4196 ad
721 4152 844 4216 pacem.

217 4240 297 4302 Item
313 4239 432 4302 ¹Sibich
457 4255 567 4302 contra
592 4240 704 4301 Pusam
729 4254 845 4301 octavo
870 4239 922 4302 die
947 4239 1166 4321 respondebit.

217 4345 296 4408 Item
321 4346 474 4408 Nicolaus
497 4345 646 4408 sacerdos
669 4359 780 4408 contra
800 4345 938 4408 Paulmn
964 4347 1074 4430 Kypar
1097 4344 1239 4407 secundo
1263 4345 1379 4408 citatus

116 4469 178 4512 non
203 4452 394 4533 comparuit.

217 4557 296 4622 Item
309 4557 450 4640 'Mykeeh
468 4556 594 4620 institor
611 4556 689 4621 feria
706 4559 804 4622 tercia
821 4578 906 4621 nunc
924 4572 1058 4621 ventura
1075 4559 1239 4641 quendam
1256 4577 1378 4639 equum

107 4661 249 4726 ''Nicolao
273 4663 313 4725 de
339 4662 485 4745 Lipouch
510 4683 585 4744 erga
610 4663 765 4747 Orgouan
789 4665 936 4727 habitum
961 4679 1099 4728 statuere
1123 4664 1228 4727 debet.

217 4769 297 4831 Item
321 4769 440 4832 Paulus
464 4769 549 4832 filius
572 4770 725 4835 Doclesin
749 4785 860 4834 contra
886 4771 1019 4835 Iuanum
1045 4772 1149 4854 primo
1174 4771 1289 4835 citatus
1313 4791 1378 4834 non

116 4875 304 4959 comparuit
