3404 5362
218 307 281 387 360

325 519 402 580 Item
428 518 516 601 quod
549 519 624 599 quIa
657 519 764 580 Endre
798 520 863 602 Syb
887 539 943 601 per
974 532 1069 580 testes
1102 516 1245 580 efficaces
1271 520 1303 581 id
1337 540 1484 603 compro·

224 625 321 703 bavit,
345 626 434 706 quod
459 626 563 707 ipsum
589 625 677 686 Elias
700 645 817 706 parvus
841 627 1060 707 vituperasset,
1090 625 1163 687 ideo
1189 626 1256 708 ipse
1282 627 1383 710 EIyas
1408 627 1487 689 duas

216 751 337 794 marces
371 752 471 813 usque
505 731 685 813 quindenas
717 731 820 793 eidem
847 731 955 794 Endre
979 732 1104 794 solvere
1138 732 1250 810 debet;
1275 733 1343 816 ipse
1376 747 1484 796 autem

216 839 314 922 EIyas
339 839 456 900 dictam
481 859 607 901 causam
633 841 673 902 ad
697 840 847 920 antiquos
871 837 992 920 judices
1016 838 1201 920 appellavit.

322 946 399 1007 Item
426 945 563 1007 Iacobus
586 966 643 1027 per
669 946 893 1023 Laurencium,
911 944 1106 1025 Gregorium
1130 943 1265 1007 voschar
1289 959 1321 1006 et
1346 945 1484 1008 alterum

221 1050 415 1133 Gregorium
441 1051 597 1113 decanum
624 1066 738 1114 octavo
763 1052 814 1113 die
839 1051 900 1113 hoc
928 1051 1099 1131 attestabit,
1123 1052 1211 1133 quod

326 1159 403 1220 Item
435 1178 552 1239 parvus
585 1158 682 1240 Elyas
713 1171 826 1220 octavo
860 1157 911 1219 die
943 1178 1038 1240 super
1070 1177 1109 1220 eo
1141 1157 1270 1240 jurabit,
1295 1159 1386 1241 quod
1421 1160 1486 1242 ipse

219 1263 364 1344 gladium
391 1264 547 1326 Iohannis
571 1264 726 1326 carnificis
750 1284 814 1327 non
843 1263 1014 1328 habuisset.

320 1481 418 1555 Iena
446 1491 544 1556 sexta
573 1486 727 1573 proxima
756 1493 831 1574 post
859 1485 983 1558 festum
1010 1488 1121 1558 sancti
1150 1485 1381 1558 bartholomei

770 1611 925 1698 apostoli.

321 1776 399 1838 Item
428 1778 529 1838 Lucas
553 1775 636 1838 filius
661 1777 765 1858 Draga
791 1792 900 1840 contra
922 1779 1077 1840 Jacobum
1101 1779 1198 1840 taslar
1222 1793 1253 1841 et
1278 1779 1482 1863 Stephanum

215 1884 390 1945 salirenam
416 1883 520 1965 prImo
544 1884 657 1946 citatus
681 1904 745 1946 non
771 1885 960 1967 comparuit.

322 1991 397 2050 Item
432 1990 613 2072 Stephanus
637 1989 804 2072 Chaplych
833 2006 947 2053 octavo
971 1992 1023 2055 die
1054 2011 1110 2073 per
1134 1993 1263 2054 Petrum
1290 1992 1416 2054 dictum
1442 1993 1481 2055 de

215 2099 435 2159 Jaztreberzka
450 2110 480 2158 et
497 2096 690 2178 Gregorium
705 2097 946 2181 Chudauchych
964 2099 1026 2161 hoc
1043 2099 1199 2178 atestabit‚
1216 2097 1305 2179 quod
1322 2100 1480 2161 Martinus

216 2204 371 2286 Zekyrich
398 2223 452 2286 per
477 2203 690 2265 donacionem
716 2205 869 2287 Stephani
893 2206 1033 2286 quedam
1057 2205 1208 2267 stramina
1233 2206 1418 2287 recepisset.

324 2312 399 2373 Item
426 2331 519 2372 causa
545 2310 692 2389 Gregorii
718 2312 851 2374 voschar
876 2326 985 2374 contra
1015 2313 1151 2396 Mykech
1177 2311 1338 2395 Magdych
1364 2313 1406 2375 ad
1430 2333 1481 2376 oc·

216 2433 324 2481 tavum
351 2418 436 2480 diem
463 2418 501 2479 ad
527 2437 639 2500 pacem
663 2432 710 2480 est
734 2432 869 2501 recepta.

323 2527 399 2587 Item
425 2524 572 2607 Mychael
599 2523 800 2608 Ortophlych
825 2539 855 2586 et
880 2524 1041 2587 Iohannes
1065 2524 1151 2586 iilius
1175 2525 1265 2587 Pauli
1291 2541 1404 2589 contra
1431 2528 1482 2588 Jo-

215 2633 354 2693 hannem
379 2631 481 2693 filium
506 2631 631 2692 Nicolai
657 2645 771 2693 octavo
796 2630 847 2693 die
870 2630 1120 2713 respondebunt.

322 2738 399 2799 Item
423 2757 518 2799 causa
544 2738 688 2799 Mauricii
714 2752 823 2799 contra
846 2737 1062 2820 DragozIaum
1087 2737 1127 2799 ed
1152 2753 1302 2801 octavum
1328 2739 1417 2802 diem
1442 2740 1481 2802 ad

215 2863 326 2925 pacem
352 2856 398 2904 est
421 2856 557 2925 recepta.

322 2949 398 3010 Item
425 2949 560 3031 RIasych
585 2965 694 3012 contra
728 2951 883 3013 Iacobum
907 2951 986 3013 Bole
1019 2953 1124 3035 primo
1157 2953 1272 3016 citatus
1302 2973 1370 3016 non
1395 2975 1484 3017 corn-

215 3056 333 3139 paruit.

320 3162 399 3224 Item
424 3160 587 3224 Iohannes
611 3177 720 3225 contra
746 3164 918 3226 Nicolaum
943 3179 1098 3228 sartorem
1121 3167 1265 3230 secundo
1283 3168 1400 3232 citatus
1417 3191 1483 3234 non

215 3269 406 3350 comparuit.

322 3374 399 3436 Item
434 3395 527 3436 cause
559 3376 666 3438 Mathe
698 3377 886 3458 gladiatoris
917 3395 1026 3442 contra
1059 3381 1230 3464 JakIynum
1263 3382 1304 3444 ad
1329 3398 1483 3448 octavum

215 3481 301 3542 diem
327 3481 366 3542 ad
391 3500 503 3564 pacem
528 3497 574 3545 est
602 3498 738 3567 recepta.

320 3586 398 3649 Item
423 3588 534 3649 Petrus
558 3589 661 3651 dictus
685 3590 724 3651 de
749 3592 971 3654 Jaztreberzka
996 3607 1105 3655 contra
1132 3595 1349 3658 Laurencium
1375 3598 1484 3680 primo

117 3713 119 3716 ·
215 3692 329 3754 citatus
352 3713 417 3755 non
442 3695 631 3777 comparuit.

320 3798 398 3861 Item
425 3801 527 3861 Lucas
550 3801 694 3863 medicus
719 3816 828 3865 contra
854 3851 938 3866 ....

320 3906 398 3969 Item
422 3927 516 3969 causa
542 3908 710 3971 Laurencii
735 3910 873 3972 condam
899 3910 1013 3992 judicis
1037 3927 1146 3975 contra
1183 3961 1190 3976 .
1216 3960 1224 3977 .
1256 3931 1416 3980 sartorem
1443 3920 1484 3982 ad

213 4026 363 4075 octavum
389 4013 475 4076 diem
499 4015 539 4076 ad
564 4034 673 4097 pacem
701 4030 748 4078 est
772 4033 910 4100 recepta.

317 4118 394 4181 Item
431 4120 566 4182 Cosmas
601 4121 760 4185 aurifaber
800 4138 908 4186 contra
943 4123 1082 4205 judicem
1119 4128 1223 4211 primo
1260 4129 1376 4192 citatus
1414 4152 1480 4195 non

215 4226 403 4308 comparuit.

322 4332 398 4393 Item
424 4332 586 4396 Iohannes
612 4337 755 4399 Smunda
788 4351 897 4400 contra
932 4338 1125 4422 Gregorium
1150 4342 1283 4404 voschar
1306 4345 1415 4426 primo
1440 4349 1485 4410 ci-

213 4451 296 4500 tatus
324 4459 389 4500 non
415 4442 604 4523 comparuit.

321 4545 399 4608 Item
425 4567 516 4609 causa
543 4547 691 4629 Gregorii
725 4566 834 4613 contra
865 4553 1047 4614 Mosnarich
1072 4554 1112 4615 ad
1138 4570 1287 4618 octavum
1319 4556 1410 4620 diem
1443 4561 1485 4622 ad

215 4672 326 4733 pacem
351 4667 398 4715 est
421 4667 558 4736 recepta.

320 4761 396 4822 Item
421 4761 561 4823 Brumen
587 4776 696 4824 contra
723 4764 877 4827 Mathiam
902 4767 1006 4848 prImo
1039 4768 1153 4831 citatus
1184 4790 1250 4833 non
1286 4777 1482 4858 comparuit.
