3404 5362
268 537 367 612 FerIa
394 546 493 611 sexta
522 541 676 627 proxima
705 545 783 610 ante
821 537 944 609 festum
973 538 1069 609 beate
1099 537 1247 609 Barbare
1275 539 1429 626 virginis.

737 672 778 749 (3.
809 671 982 744 decembris).

322 794 401 856 Item
412 791 669 856 Petruscarnifex
679 793 969 856 contraLucasium
978 793 1083 875 primo
1093 793 1206 856 citatus
1216 813 1280 855 non
1290 793 1480 876 comparuit.

322 900 401 962 Item
426 901 534 964 relicta
555 901 700 963 Mauricii
726 914 840 962 octavo
872 899 924 962 die
957 914 1066 962 contra
1091 898 1262 961 dominum
1294 901 1481 982 episcopum

216 1006 411 1088 respondere
436 1006 541 1071 debet.

322 1113 400 1175 Item
417 1112 543 1174 Blasich
561 1127 669 1175 contra
688 1112 881 1193 Gregorium
899 1111 1054 1194 voyschar
1070 1111 1261 1173 secundario
1277 1111 1391 1173 citatus
1412 1130 1477 1172 non

215 1219 406 1301 comparuit.

323 1326 402 1387 Item
438 1324 599 1387 Iohannes
633 1325 723 1407 niger
755 1337 863 1386 contra
900 1325 1014 1387 Paulas
1045 1324 1241 1386 secundario
1273 1325 1386 1387 citatus
1416 1344 1481 1386 non

214 1432 406 1514 comparuit.

322 1538 399 1599 Item
410 1552 519 1601 contra
530 1538 668 1600 eundern
680 1539 809 1621 Mathey
819 1537 958 1600 carnifex
968 1538 1073 1621 primo
1086 1539 1200 1600 citatus
1213 1558 1278 1599 non
1289 1538 1482 1620 comparuit.

324 1644 403 1707 Item
428 1644 581 1729 GyurgeIr
613 1659 643 1707 et
668 1645 820 1707 Nicolaus
851 1658 960 1707 contra
985 1645 1186 1706 Anthonium
1214 1644 1353 1727 juratum
1378 1646 1483 1727 primo

215 1752 303 1815 citati
329 1772 394 1814 non
419 1765 677 1834 comparuerunt.

326 1858 404 1920 Item
422 1859 622 1940 Dragozlaus
638 1872 748 1920 contra
773 1904 806 1921 ..
832 1872 945 1919 octavo
974 1858 1026 1919 dle
1054 1870 1148 1919 testes
1172 1857 1348 1940 producere
1373 1859 1480 1937 debet,

218 1964 388 2028 videlicet:
414 1965 579 2026 Vrbanam
605 1979 635 2026 et
659 1965 859 2027 Demetrium
885 1964 1073 2026 Institotem.

323 2072 401 2133 Item
415 2070 534 2154 (causa)
558 2071 689 2152 Georgii
708 2085 818 2133 contra
835 2068 1026 2132 familiarem
1051 2069 1176 2131 Nicolai
1193 2088 1296 2151 usque
1317 2082 1389 2132 octo
1414 2069 1482 2132 dies

215 2177 255 2238 ad
282 2198 394 2260 pacem
418 2191 465 2239 est
488 2192 625 2260 recepta.

323 2284 401 2346 Item
433 2304 526 2346 causa
559 2285 641 2345 Petri
674 2283 768 2365 jurati
800 2303 856 2364 per
886 2296 981 2344 testes
1016 2297 1125 2344 contra
1158 2282 1286 2344 Petrum
1319 2281 1477 2344 decanum

215 2410 318 2472 usque
344 2391 483 2473 primurn
508 2390 662 2472 judicium
689 2404 735 2452 est
759 2390 798 2450 ad
824 2409 935 2471 pacem
959 2401 1094 2471 recepta.

323 2497 399 2559 Item
426 2499 538 2559 Petrus
562 2510 592 2559 et
618 2496 797 2578 Stephanus
814 2495 934 2576 juratus
958 2494 1117 2577 quidquid
1136 2514 1191 2556 eos
1214 2494 1293 2555 scite
1318 2494 1399 2555 Inter
1424 2495 1477 2555 Jo-

216 2603 356 2665 hannem
383 2603 520 2682 juratum
546 2618 575 2664 et
602 2603 730 2685 Mathey
755 2617 869 2664 octavo
894 2602 945 2663 die
969 2600 1134 2662 testificare
1159 2599 1287 2662 debent.

321 2709 399 2771 Item
425 2729 552 2771 causam
577 2724 671 2771 testes
696 2709 786 2770 I'auli
812 2709 941 2770 sartoris
973 2727 1073 2789 usque
1105 2721 1179 2768 octo
1204 2705 1271 2767 dies
1294 2706 1334 2767 ad
1367 2726 1478 2789 pacem

215 2831 414 2897 receperunt.

320 2921 395 2983 Item
406 2900 869 3002 GeorgiuscontraGeorgium
883 2919 1072 2982 secundario
1082 2920 1197 2981 citatus
1207 2939 1272 2981 noo
1287 2920 1479 3002 comparuit.

318 3027 396 3088 Item
421 3027 567 3110 Zytarich
600 3042 709 3088 contra
742 3028 898 3088 Jacobum
931 3024 1102 3108 pellificem
1134 3025 1239 3106 primo
1272 3026 1385 3087 citatus
1411 3045 1476 3088 non

211 3133 403 3214 comparuit.

321 3240 399 3302 Item
435 3240 544 3301 relicta
580 3238 726 3323 Mathyas
760 3253 869 3302 contra
907 3240 1100 3320 Agustinum
1137 3238 1243 3320 primo
1281 3239 1375 3301 citata
1414 3260 1480 3302 non

212 3347 404 3429 comparuit.

317 3451 396 3513 Item
414 3452 604 3515 Valentinus
628 3467 736 3515 contra
762 3453 916 3530 Torkam,
938 3453 1067 3515 Petrum
1085 3468 1115 3514 et
1132 3452 1366 3535 Margaretham
1386 3454 1479 3515 ZoIa·

211 3557 297 3620 richa
322 3571 476 3639 tanquam
500 3573 595 3621 testes
618 3573 732 3621 octavo
757 3558 807 3620 die
833 3559 1009 3640 producere
1034 3559 1139 3622 debet.

317 3663 396 3726 Item
421 3665 508 3746 quod
535 3666 609 3747 quia
636 3666 746 3727 Petrus
770 3665 911 3727 decanus
939 3666 1101 3747 quandam
1134 3667 1223 3729 litem
1252 3681 1362 3729 contra
1388 3665 1481 3729 Cifus

210 3772 269 3832 sub
284 3790 365 3852 pena
390 3771 623 3852 quinquaginta
642 3791 820 3833 marcarum
845 3772 1017 3850 suscitavit,
1034 3792 1129 3854 super
1152 3773 1218 3854 ipsa
1236 3774 1291 3835 Iite
1316 3787 1346 3835 et
1371 3774 1471 3835 eciam

211 3895 306 3958 super
331 3877 487 3938 universis
511 3879 613 3940 causis
637 3898 670 3939 se
704 3878 885 3940 reddiderat
917 3879 1120 3960 expeditum,
1154 3881 1227 3942 ideo
1252 3881 1357 3963 ipsum
1383 3881 1477 3944 Ciius

211 3996 321 4045 contra
346 3983 450 4065 ipsum
476 3984 605 4046 Petrum
629 3985 793 4047 reddimus
818 3985 944 4068 penitus
968 3986 1172 4068 expeditum3
1205 3987 1336 4070 ipseque
1362 3988 1474 4050 Petrus

212 4090 352 4152 decanus
376 4104 422 4152 est
446 4092 610 4154 convictus
634 4093 666 4153 in
692 4139 724 4154 ..
751 4092 985 4174 quinquaginta
1006 4093 1119 4154 marcis
1144 4107 1174 4155 et
1198 4091 1398 4176 potuornik.*

317 4197 395 4257 Item
420 4197 603 4259 Anthonius
627 4198 773 4280 Zytarich
800 4217 900 4278 usque
922 4198 1101 4279 quindenas
1125 4198 1253 4261 Thome
1279 4219 1380 4262 unum
1405 4201 1476 4265 flor.

212 4303 336 4365 solvere
361 4302 473 4380 debet;
499 4304 564 4385 ipse
590 4317 697 4365 autem
722 4302 869 4386 Zytarich
901 4304 1003 4386 ipsam
1028 4323 1156 4366 causam
1180 4306 1221 4367 ad
1253 4307 1405 4388 antiquos
1429 4308 1478 4390 ju-

214 4408 299 4469 dices
324 4409 507 4491 appellavit.

318 4515 396 4577 Item
421 4535 514 4576 causa
541 4515 683 4577 Simonis
706 4529 815 4577 contra
840 4515 896 4578 Sib
922 4534 1022 4597 usque
1040 4530 1114 4579 octo
1138 4518 1206 4580 dies
1230 4533 1276 4582 est
1295 4534 1477 4601 prorogata.

318 4621 397 4682 Item
430 4621 518 4702 quod
543 4623 619 4702 quia
652 4623 797 4685 Thomas
826 4635 915 4685 sutor
945 4636 1056 4685 contra
1088 4624 1164 4686 Ivan
1198 4626 1347 4687 Huzaren
1380 4640 1476 4693 testes

214 4726 389 4807 producere
413 4728 545 4808 debens,
570 4749 634 4791 non
659 4730 820 4812 produxit,
845 4730 919 4794 ideo
943 4750 1070 4794 causam
1101 4752 1192 4796 suam
1215 4733 1367 4816 perdidit.

316 4884 366 4938 *ἱ
385 4902 407 4938 e.
427 4886 605 4940 calumniator.
