3404 5362
584 339 784 419 Anno1384.
811 376 851 385 -
874 358 905 420 4.
930 343 1100 402 novembris.

320 556 396 618 Item
422 553 582 635 Georgius
598 553 818 615 stachunarius
834 569 944 614 contra
971 553 1095 614 Malech
1114 552 1256 614 secundo
1275 553 1391 613 citatus
1415 572 1472 613 non

213 662 404 743 comparuit.

319 767 397 829 Item
424 766 584 847 Georgius
607 765 828 828 stachunarius
851 781 961 827 contra
980 765 1181 847 Mychaelem
1206 763 1351 826 secundo
1368 764 1476 824 citatus

215 893 279 935 non
305 872 496 955 comparuit.

321 979 398 1040 ltem
416 978 578 1040 lohannes
595 977 764 1060 Praudych
781 989 891 1039 contra
909 976 1105 1058 Gregorium
1122 975 1321 1038 aurifabrum
1340 976 1475 1038 secundo

216 1087 329 1147 citatus
354 1104 418 1147 non
444 1085 633 1167 comparuit.

321 1192 400 1254 ltem
426 1193 606 1274 Stephanus
631 1189 809 1273 Chaplych,
833 1190 980 1251 Ceuetko
1005 1189 1089 1251 filius
1119 1189 1252 1271 Pecych‚
1277 1188 1429 1250 Vrbanus
1452 1200 1477 1247 et

215 1298 281 1359 duo
307 1296 418 1358 famuli
446 1297 570 1374 Paulas,
596 1296 735 1358 famulus
754 1296 934 1372 laurencii,
960 1295 1096 1376 quilibet
1118 1314 1229 1356 eorum
1254 1294 1356 1355 tercio
1381 1313 1413 1354 se
1430 1312 1477 1355 oc·

217 1419 291 1465 tavo
316 1404 368 1465 die
394 1403 554 1479 jurabunt,
579 1402 667 1484 quod
693 1402 751 1482 ipsi
777 1401 958 1482 Dragozlao
983 1401 1082 1462 nichil
1107 1400 1233 1482 depasci
1261 1398 1406 1461 fecerint.

323 1509 400 1570 ltem
427 1509 515 1590 quod
540 1509 615 1589 quia
633 1508 764 1590 quidam
786 1507 908 1588 judices
925 1508 1047 1589 antiqui
1073 1520 1260 1568 attestarunt
1284 1520 1319 1568 ut
1344 1506 1481 1587 quedam

218 1616 309 1677 vinea
330 1615 450 1697 lwsych
469 1616 555 1698 Span
573 1613 683 1676 luisset
707 1627 833 1691 statuta,
851 1613 924 1674 ideo
942 1612 1174 1692 judicaverunt,
1196 1612 1285 1694 quod
1310 1613 1379 1694 ipse
1398 1612 1485 1695 Span

219 1722 326 1784 debita
362 1721 489 1782 racione
522 1720 688 1782 cuiusdam
721 1734 899 1780 manstruce
929 1719 1027 1780 nichil
1060 1719 1231 1796 habuisset,
1263 1718 1354 1780 solus
1382 1719 1488 1799 jurare

217 1828 331 1903 debet;
356 1828 495 1888 lacobus
519 1840 626 1888 autem
645 1826 747 1908 ipsam
772 1845 899 1886 causam
925 1824 964 1885 ad
983 1826 1134 1907 antiquos
1158 1825 1282 1906 judices
1298 1826 1491 1906 appellavit.

324 1933 400 1994 ltem
427 1933 609 1994 Hcrmauus
626 1946 734 1993 contra
752 1930 935 2012 piliatorem
950 1932 1054 2013 primo
1072 1932 1184 1993 citatus
1202 1951 1267 1992 non
1292 1933 1494 2014 comparuit.

326 2041 403 2101 ltem
429 2039 490 2101 due
509 2039 659 2100 mulieres
677 2052 708 2100 et
726 2038 917 2099 Benedictus
935 2038 1074 2119 piliator‚
1093 2038 1229 2119 quilibet
1253 2056 1369 2099 eorum
1388 2039 1492 2099 tercio

217 2167 249 2208 se
275 2146 437 2227 jurabunt,
462 2147 550 2226 quod
576 2146 634 2227 ipsi
660 2146 690 2205 in
717 2144 858 2226 quodam
883 2143 968 2205 furtu
994 2145 1056 2205 sint
1081 2146 1279 2205 innocentes.

325 2252 402 2312 ltem
439 2252 621 2313 Anthonius
655 2250 694 2312 de
727 2250 888 2332 Cralyuch
919 2265 1027 2311 contra
1053 2250 1252 2332 Mychaelem
1287 2249 1487 2311 duodecimo

218 2380 249 2420 sc
277 2359 462 2420 hominihus
479 2372 593 2419 octavo
618 2358 670 2419 die
695 2377 789 2438 super
813 2376 851 2417 eo
876 2356 1003 2436 jurabit,
1029 2359 1116 2438 quod
1135 2358 1201 2439 ipse
1228 2358 1258 2417 in
1284 2357 1489 2438 aquisicione

217 2465 292 2527 dicti
318 2464 494 2546 Mychaelis
517 2466 671 2525 innocens
694 2464 744 2524 sit.

1481 2642 1502 2673 b

246 2680 341 2754 Feria
370 2691 467 2754 sexta
496 2686 649 2772 proxima
679 2692 756 2755 ante
783 2683 907 2754 lestum
935 2685 1043 2753 sancti
1073 2680 1214 2754 Emerici
1244 2681 1461 2754 contessoris.

726 2853 772 2933 (4.
796 2853 981 2934 novembris).

326 2993 404 3054 ltem
429 2994 591 3056 lohannes
616 2995 714 3056 Pazar
737 3010 846 3057 contra
872 2996 956 3056 lwan
985 2995 1124 3076 juratum
1148 2995 1253 3077 primo
1278 2996 1394 3058 citatus
1420 3016 1486 3059 non

220 3100 409 3180 comparuit.

329 3205 406 3266 ltem
441 3227 569 3269 causam
603 3209 715 3269 Raden
748 3222 856 3269 contra
890 3208 1075 3268 Emericum
1108 3226 1298 3289 arcuparum
1327 3221 1424 3270 testes
1448 3209 1487 3270 ad

221 3326 371 3372 octavum
396 3313 480 3374 diem
507 3315 546 3375 ad
571 3335 683 3396 pacem
709 3328 907 3396 receperunt.

328 3418 405 3478 ltem
424 3420 487 3479 lles
511 3436 621 3481 contra
647 3421 847 3481 Hermanum
872 3421 977 3501 primo
1002 3419 1114 3481 citatus
1139 3440 1202 3481 non
1229 3422 1420 3501 comparuit.

328 3525 406 3586 ltem
421 3547 514 3588 causa
541 3528 688 3609 Gregorii
711 3543 820 3589 contra
847 3527 1009 3588 Thomam
1028 3524 1153 3587 labrum
1178 3547 1234 3608 per
1257 3542 1351 3589 testes
1377 3529 1416 3590 ad
1435 3549 1488 3591 oc·

222 3645 331 3694 tavum
357 3632 442 3692 diem
468 3633 506 3693 ad
532 3653 643 3714 pacem
669 3649 714 3695 est
739 3647 875 3714 recepta.

332 3737 408 3799 ltem
443 3738 604 3800 lohannes
636 3754 724 3800 sutor
756 3755 864 3801 contra
898 3741 1032 3801 Paulum
1066 3756 1206 3802 sutorem
1237 3740 1342 3821 primo
1375 3741 1490 3803 citatus

222 3864 286 3905 non
312 3845 501 3925 comparuit.

329 3948 407 4010 ltem
433 3971 526 4011 causa
553 3950 701 4033 Gregorii
728 3952 807 4013 fabri
832 3967 942 4014 contra
972 3954 1153 4016 lohannem
1178 3955 1345 4037 Praudych
1370 3956 1412 4016 ad
1437 3976 1489 4018 oc·

222 4070 331 4116 tavum
355 4055 440 4117 diem
465 4056 505 4117 ad
530 4077 641 4139 pacem
667 4073 712 4120 est
736 4075 871 4139 recepta.

330 4161 408 4223 ltem
442 4162 617 4224 Hanslinus
649 4181 758 4227 contra
792 4167 912 4227 Lucam
945 4168 1106 4229 medicum
1138 4169 1243 4250 primo
1276 4169 1390 4233 citatus
1424 4193 1491 4234 non

223 4268 403 4347 comparuit

332 4374 409 4435 ltem
442 4390 629 4456 procurator
662 4377 809 4459 Gregorii
843 4380 1016 4440 sacerdotis
1047 4402 1101 4462 per
1134 4383 1316 4465 Myklinum
1349 4386 1490 4449 condam

225 4477 384 4559 judicem,
418 4481 588 4543 Nicolaum
622 4483 779 4565 Delasych
813 4501 843 4547 et
876 4487 1072 4567 Stephanum
1106 4490 1242 4550 condam
1275 4489 1397 4571 juratos
1430 4493 1492 4555 hoc

225 4586 382 4663 atestabit,
400 4587 487 4667 quod
512 4588 643 4650 domina
662 4589 810 4671 Dika(ual
829 4592 931 4653 eidem
952 4592 1110 4671 Gregorio
1128 4611 1255 4656 centum
1274 4611 1304 4657 et
1329 4599 1490 4681 quinqua-

225 4689 312 4769 ginta
337 4689 406 4753 flor.
432 4693 501 4752 auri
526 4708 555 4754 et
573 4694 699 4756 duobus
723 4696 824 4776 ciphis
848 4712 877 4758 et
895 4717 960 4759 uno
978 4701 1111 4760 culcitro
1137 4702 1234 4781 vulgo
1260 4705 1382 4783 poplun
1403 4705 1490 4768 dicto

226 4795 352 4857 debitor
375 4799 496 4863 existat.
