3404 5362
616 374 819 456 Ann01385.
844 413 885 423 -
909 393 959 457 23.
975 381 1072 458 junii.
1423 401 1482 460 241

323 589 403 652 Item
428 609 522 651 causa
546 588 623 652 dicti
647 590 731 652 Iwan
764 605 875 653 contra
900 591 1076 652 Martinum
1106 593 1341 674 carpentarium
1366 594 1406 655 ad
1431 614 1484 656 oc·

215 709 328 759 tavum
353 695 440 757 diem
464 696 504 757 ad
528 715 641 777 pacem
666 711 712 759 est
736 710 872 779 recepta.

323 801 403 864 Item
429 801 618 864 Valentinus
635 803 762 865 Berend
779 818 890 867 contra
911 804 1044 887 Jursych
1062 819 1176 866 octavo
1194 804 1246 866 dIe
1263 806 1482 886 respondebit.

323 907 403 969 Item
432 908 629 970 LaurencIus
657 909 807 971 sacerdos
831 925 946 972 octavo
978 910 1030 972 die
1055 910 1143 971 solus
1173 930 1332 992 supereo
1357 911 1484 991 jurabit,

216 1013 305 1095 quod
332 1012 467 1095 Gyanus
490 1014 560 1076 Bon
585 1014 645 1076 sibi
663 1029 737 1077 octo
761 1017 870 1097 pensis
894 1030 925 1080 et
940 1017 1053 1097 viginti
1078 1016 1218 1077 denariis
1234 1017 1362 1079 debitor
1377 1017 1485 1082 fuerit.

321 1138 400 1199 Item
425 1158 518 1200 causa
544 1138 655 1200 Jacobi
680 1140 760 1201 Bole
786 1155 895 1202 contra
930 1140 1067 1223 Mykech
1100 1155 1241 1203 sutorem
1266 1143 1307 1203 ad
1332 1157 1482 1204 octavum

216 1243 303 1305 diem
329 1242 369 1305 ad
394 1263 507 1325 pacem
532 1258 580 1306 est
605 1258 742 1327 recepta.

303 1335 400 1411 'Item
437 1349 591 1412 Scitarich
627 1364 738 1413 contra
774 1352 934 1415 Ianchech
965 1352 1163 1415 aurifabrum
1195 1354 1337 1415 secundo
1370 1355 1484 1416 citatus

216 1475 279 1517 non
309 1458 501 1538 comparuit.

321 1563 399 1624 Item
428 1564 512 1626 Rees
535 1578 646 1625 contra
671 1564 856 1646 MosnarIgh
880 1566 986 1649 primo
1018 1566 1132 1627 citatus
1156 1585 1221 1626 non
1247 1566 1438 1648 comparuit.

322 1668 402 1731 Item
426 1688 520 1730 causa
546 1669 716 1751 Dragozlai
742 1684 774 1733 et
798 1671 930 1754 Jursych
948 1685 1058 1734 contra
1084 1671 1294 1733 Benedictum
1320 1670 1482 1734 Gallicum

216 1775 254 1834 ad
277 1775 420 1857 primum
446 1775 602 1856 judicium
627 1792 699 1859 post
723 1778 898 1839 adventum
931 1778 1006 1840 dicti
1033 1777 1203 1859 Dragozlai
1230 1793 1277 1839 est
1301 1792 1481 1859 prorogata.

322 1900 400 1961 Item
433 1920 528 1961 causa
560 1900 668 1962 Mathe
699 1900 887 1982 gladiatoris
917 1916 1026 1963 contra
1052 1902 1135 1962 Rees
1159 1915 1190 1962 et
1222 1900 1339 1983 Iaklyn
1364 1901 1403 1962 ad
1429 1921 1482 1963 oc·

213 2018 322 2066 tavum
346 2005 433 2068 diem
458 2006 497 2067 ad
522 2026 635 2088 pacem
659 2022 705 2068 est
729 2022 865 2087 recepta.

319 2111 397 2173 Item
427 2132 520 2173 causa
545 2113 646 2175 Vorih
671 2128 702 2174 et
734 2114 870 2196 Myklini
903 2128 1013 2175 contra
1037 2114 1120 2175 Rees
1152 2113 1192 2173 ad
1217 2128 1368 2174 octavum
1392 2113 1478 2175 diem

215 2217 253 2278 ad
278 2237 391 2299 pacem
417 2232 463 2279 est
488 2233 623 2300 recepta.

324 2325 403 2387 Item
421 2344 514 2386 causa
533 2325 701 2386 Laurencii
726 2325 864 2386 condam
881 2324 996 2405 judicis
1020 2339 1129 2388 contra
1147 2326 1280 2408 Jurglyn
1299 2325 1481 2407 pillatorem

215 2432 253 2493 ad
277 2447 430 2493 octavum
455 2431 540 2493 diem
565 2432 605 2492 ad
630 2451 743 2514 pacem
768 2445 814 2494 est
838 2446 975 2514 recepta.

321 2538 400 2600 Item
426 2558 519 2599 causa
538 2538 706 2600 Laurencii
725 2540 863 2599 condam
880 2538 995 2618 judicis
1015 2552 1124 2599 contra
1142 2538 1341 2598 Hermanum
1366 2537 1406 2598 ad
1424 2557 1476 2599 oc·

214 2659 322 2706 tavum
348 2645 435 2705 diem
460 2645 499 2705 ad
525 2664 636 2726 pacem
661 2659 707 2705 est
731 2659 867 2726 recepta.

319 2769 398 2830 Item
422 2788 517 2829 causa
541 2768 626 2830 Iwan
651 2768 834 2850 jobagionis
855 2769 990 2852 Myklini
1017 2784 1128 2830 contra
1154 2766 1349 2848 Gregorium
1374 2766 1480 2829 rufum

213 2874 251 2936 ad
276 2888 428 2937 octavum
454 2874 539 2935 diem
564 2875 604 2936 ad
629 2894 740 2957 pacem
765 2888 812 2937 est
837 2889 973 2956 recepta.

319 2981 398 3043 Item
423 2981 531 3043 Endre
564 2981 629 3063 Syb
661 2995 771 3042 contra
804 2981 984 3042 Fabianum
1017 2980 1178 3040 literatum
1211 2993 1325 3041 octavo
1350 2979 1401 3041 die
1426 3000 1474 3041 re·

213 3087 396 3169 spondebit.

317 3193 396 3254 Item
420 3192 518 3274 Elyas
541 3206 651 3254 contra
676 3193 742 3274 Syb
769 3193 873 3273 primo
898 3193 1011 3254 citatus
1035 3211 1101 3253 non
1125 3191 1314 3272 comparuit.

318 3317 396 3378 Item
426 3316 573 3378 Vrbanus
597 3315 681 3377 filins
699 3365 707 3379 .
725 3366 757 3379 ..
783 3316 875 3397 (hlefi
908 3316 940 3376 ln
965 3314 1036 3376 foro
1061 3314 1311 3396 conprovinciali
1331 3314 1363 3375 in
1394 3312 1478 3376 Iacto

212 3422 474 3504 interemptionis
490 3422 643 3503 Stephani
662 3421 773 3484 famuli
792 3422 928 3504 Myklini
946 3422 1103 3502 legittime
1121 3420 1337 3502 proclamatus
1350 3419 1390 3481 ad
1407 3440 1477 3502 pre·

212 3543 335 3591 sentem
360 3526 473 3589 leriam
497 3541 628 3606 sextam,
653 3528 693 3588 ad
718 3528 876 3609 justiciam
901 3546 965 3588 non
992 3527 1089 3588 venit.

316 3651 396 3713 Item
430 3652 587 3713 Martinus
618 3651 775 3734 Zelryrich
811 3665 921 3713 contra
952 3649 1154 3733 Mychaelem
1192 3648 1334 3710 secundo
1366 3648 1480 3710 citatus

211 3778 275 3821 non
302 3758 493 3839 comparuit.

316 3863 395 3926 Item
427 3863 553 3925 Blasius
584 3861 672 3924 faber
704 3878 814 3924 contra
847 3862 1027 3924 Iohannem
1059 3862 1158 3924 Vasas
1189 3860 1332 3922 secundo
1366 3861 1479 3922 citatus

212 3989 276 4032 non
303 3969 493 4051 comparuit.

316 4075 395 4137 Item
420 4075 547 4137 Iwanka
580 4073 664 4136 filius
688 4074 772 4135 Isvan
806 4074 846 4136 de
876 4074 1074 4136 Brezouicha
1097 4088 1211 4134 octavo
1244 4072 1296 4132 die
1322 4070 1479 4150 vigesimo

210 4182 324 4263 quinto
348 4201 381 4243 se
406 4182 529 4243 civibus
554 4195 663 4243 contra
681 4181 798 4263 Dwym
823 4194 853 4242 et
877 4178 988 4242 fratres
1005 4199 1081 4241 suos
1103 4196 1198 4259 super
1222 4196 1272 4254 eo,
1298 4175 1477 4256 quodcum

213 4288 293 4350 scitu
318 4302 349 4350 et
371 4288 525 4349 mandato
550 4307 585 4349 ac
609 4287 776 4349 voluntate
808 4306 863 4347 sua
897 4286 1057 4367 Georgius
1081 4284 1165 4346 iilius
1198 4281 1375 4365 Mychaelis
1398 4280 1478 4341 inte·

212 4408 354 4477 remptus
379 4413 445 4455 non
471 4392 578 4472 luerit,
602 4392 727 4471 jurabit.

317 4500 394 4562 Item
420 4501 484 4561 Res
507 4514 621 4561 octavo
646 4499 697 4559 die
731 4499 873 4560 secundo
897 4519 929 4560 se
954 4517 1048 4579 super
1073 4515 1111 4557 eo
1143 4494 1271 4575 jurabit,
1296 4493 1385 4575 quod
1409 4493 1477 4574 ipse

213 4605 376 4688 quoddam
394 4605 552 4667 blunbum
577 4625 594 4666 a
611 4603 733 4666 famulo
748 4605 885 4688 Myklini
903 4604 1041 4665 condam
1064 4602 1178 4682 judicis
1203 4621 1268 4663 non
1292 4599 1477 4681 recepisset.

315 4729 394 4791 Item
419 4729 505 4791 idem
531 4729 593 4789 Res
624 4729 722 4790 tercIo
755 4748 788 4790 se
820 4742 934 4789 octavo
967 4728 1018 4788 die
1042 4745 1137 4807 super
1171 4744 1209 4786 eo
1234 4724 1363 4804 jurabit,
1388 4722 1477 4804 quod

216 4833 278 4916 Ipse
302 4834 451 4918 Myklinn
476 4833 614 4895 condam
639 4834 737 4915 judici
763 4834 906 4914 quinque
931 4833 1001 4895 flor.
1035 4832 1104 4893 auri
1131 4831 1259 4892 debitor
1283 4827 1479 4978 non6luerit.

1336 4939 1344 4978 r
