3404 5362
641 98 729 155 Anno
747 93 841 173 1386.
869 131 914 140 -
937 108 984 172 17.
1009 98 1136 170 augusti.
1463 93 1520 152 261

360 308 441 371 Item
459 328 553 369 causa
570 308 686 390 Ialslyn
704 322 814 368 contra
828 307 1007 368 Iohannem
1025 307 1064 368 ad
1082 321 1232 368 octavum
1250 307 1336 368 diem
1356 305 1396 367 ad
1413 325 1523 387 pacem

237 432 297 478 est
328 429 468 497 recepta.

362 521 443 583 Item
473 519 580 582 Mathe
613 519 772 602 Ztoysych
804 533 918 580 octavo
950 518 1001 580 die
1032 519 1120 580 solus
1153 518 1271 599 jurabit
1302 517 1391 599 quod
1423 518 1526 580 tribus

227 629 362 710 pensis
387 626 594 688 denariorum
618 625 779 688 Woschar
801 625 927 687 debitor
952 645 1016 686 non
1041 625 1090 686 sit.

360 735 441 795 Item
467 733 551 795 idem
580 731 686 794 Mathe
710 732 809 793 tercio
834 752 866 792 se
891 745 1005 793 octavo
1031 731 1081 791 die
1106 730 1234 811 jurabit,
1260 730 1348 812 quod
1374 730 1441 811 ipse
1466 749 1520 811 pe·

223 860 357 921 pones
382 838 542 902 Woschar
566 857 630 899 non
656 838 871 899 subtraxisset.

361 945 442 1006 Item
471 945 638 1006 Emericus
661 958 771 1006 contra
796 942 937 1005 Golozlo
961 943 1066 1024 prImo
1094 943 1208 1004 citatus
1243 961 1307 1002 non
1333 941 1522 1024 comparuit.

362 1052 441 1114 Item
468 1051 579 1112 Petrus
603 1051 720 1132 longus
737 1069 837 1131 usque
861 1063 1011 1111 octavum
1028 1049 1114 1110 diem
1139 1049 1251 1109 desua
1277 1061 1424 1110 consorte
1443 1047 1521 1110 Gre-

217 1158 346 1239 gorio
373 1157 489 1238 Angeli
515 1155 697 1219 satisfaciat.

359 1262 440 1324 Item
465 1282 558 1323 causa
584 1261 690 1343 Egidii
724 1260 897 1323 sacerdotis
929 1276 960 1324 et
993 1261 1148 1322 Iohannis
1172 1261 1289 1322 literati
1321 1273 1431 1322 contra
1466 1259 1525 1320 do·

210 1369 375 1430 ruinam
399 1387 526 1429 socrum
551 1367 706 1429 Iohannis
727 1367 825 1429 Vasas
848 1367 888 1427 ad
911 1380 984 1429 octo
1008 1366 1077 1427 dies
1101 1379 1147 1427 est
1171 1380 1308 1447 recepta.

359 1473 441 1536 Item
465 1493 559 1536 causa
585 1473 741 1536 Iohannis
763 1488 874 1535 contra
907 1473 1086 1534 Iohannem
1112 1472 1262 1556 Grachyn
1287 1473 1327 1534 ad
1354 1487 1427 1533 octo
1452 1472 1520 1533 dies

220 1595 297 1641 est
323 1593 509 1662 prorogata.

360 1687 439 1747 Item
464 1687 618 1748 Nicolaus
641 1685 725 1748 filius
749 1686 874 1748 Nicolai
898 1687 937 1748 de
964 1687 1071 1746 Mlalra
1103 1700 1217 1748 octavo
1242 1686 1294 1748 dle
1318 1685 1460 1747 secundo
1489 1706 1522 1746 se

215 1811 348 1876 nuper
375 1813 414 1854 eo
437 1792 563 1872 jurabit,
588 1793 677 1874 quod
700 1793 838 1854 condam
856 1791 1032 1874 Gregorius
1048 1793 1191 1854 literatus
1208 1793 1268 1853 sibi
1293 1792 1433 1853 sedecim
1451 1791 1520 1855 llor.

214 1900 317 1961 auri
343 1918 410 1959 non
436 1899 651 1980 persolvisset.

359 2004 439 2065 Item
464 2024 557 2066 causa
581 2004 735 2087 Pondych
760 2024 833 2066 cum
851 2003 917 2065 filio
942 2024 1000 2065 suo
1025 2005 1064 2064 ad
1090 2019 1163 2066 octo
1188 2004 1256 2064 dies
1273 2018 1319 2066 est
1341 2018 1522 2085 prorogata.

359 2110 439 2171 Item
457 2110 605 2172 Matheus
622 2111 792 2193 HIebopek
810 2124 922 2172 octavo
940 2110 991 2173 die
1008 2111 1150 2172 secundo
1167 2131 1200 2171 se
1224 2130 1319 2193 super
1337 2131 1375 2172 eo
1393 2109 1522 2190 jurabit,

226 2216 341 2299 quod
369 2216 436 2297 ipse
461 2217 590 2278 Petrum
615 2217 808 2299 Hungarum
840 2237 945 2297 neque
970 2237 1059 2278 suam
1093 2232 1274 2278 consortem
1300 2218 1521 2298 vituperasset.

358 2322 437 2384 Item
463 2322 548 2384 idem
573 2343 668 2406 super
700 2343 739 2385 eo
770 2337 884 2385 octavo
917 2324 969 2385 die
993 2325 1092 2385 tercio
1116 2344 1149 2384 se
1181 2323 1310 2403 jurabit,
1336 2323 1425 2404 quod
1451 2323 1521 2405 ipse

230 2446 359 2510 neque
385 2429 434 2489 sui
458 2429 608 2490 homines
635 2430 790 2510 quasdam
823 2430 901 2490 duas
925 2443 1090 2511 serpentes
1113 2431 1145 2491 ln
1179 2430 1314 2491 domum
1339 2449 1430 2490 suam
1455 2447 1521 2490 non

228 2536 446 2616 posuissent.

357 2641 438 2704 Item
462 2641 550 2723 quod
575 2642 650 2722 quia
668 2641 829 2704 Iohannes
854 2642 950 2704 Liber
974 2641 1074 2703 fassus
1091 2641 1202 2703 luisset
1218 2643 1306 2723 quod
1335 2642 1515 2724 Stephanus

229 2747 335 2811 filius
361 2747 454 2808 Pauli
478 2766 588 2808 secum
613 2747 653 2808 ad
689 2748 845 2829 quasdam
867 2749 934 2809 vias
965 2749 1158 2809 ambulasset
1190 2762 1220 2808 et
1245 2748 1351 2809 eidem
1376 2748 1518 2809 Iohanni

226 2853 394 2916 sedecIm
418 2872 532 2936 pensas
556 2853 762 2917 denariorum
787 2855 997 2932 reseravisset,
1030 2855 1104 2916 ideo
1129 2856 1212 2936 ipsas
1236 2855 1380 2916 sedecim
1404 2875 1519 2937 pensas

234 2961 360 3024 eidem
392 2959 556 3041 Stephano
589 2979 689 3040 usque
722 2960 903 3042 quindenas
935 2961 1059 3022 solvere
1092 2961 1204 3037 debet;
1241 2962 1308 3042 ipse
1333 2974 1440 3022 autem
1466 2961 1519 3022 Io·

241 3065 379 3128 hannes
404 3065 444 3126 ad
468 3066 619 3147 antiquos
642 3065 764 3146 judices
787 3067 888 3147 ipsam
914 3087 1042 3128 causam
1067 3067 1267 3149 appellasset.

357 3170 434 3232 Item
460 3171 546 3232 idem
572 3171 733 3232 Iohannes
762 3187 876 3234 octavo
909 3173 960 3234 die
985 3193 1080 3254 super
1111 3193 1149 3234 eo
1174 3173 1302 3252 jurabit,
1335 3173 1423 3254 qnod
1451 3174 1518 3254 ipse

237 3277 360 3339 eidem
388 3276 551 3358 Stephano
576 3277 622 3338 nil
647 3277 718 3359 plus
742 3278 868 3339 debitor
892 3278 1012 3342 luisset.

360 3382 438 3443 Item
464 3383 557 3444 Kone
582 3397 685 3445 textor
709 3397 822 3444 octavo
847 3384 898 3446 dle
915 3385 1014 3446 terci0
1038 3405 1070 3445 se
1094 3405 1189 3466 super
1213 3406 1252 3447 eo
1277 3385 1404 3464 jurabit,
1430 3385 1519 3465 quod

234 3487 317 3572 ipse
344 3489 376 3549 in
403 3488 543 3570 quadam
567 3490 698 3551 accione
730 3505 839 3551 contra
865 3491 1045 3552 Iohannem
1071 3493 1166 3553 Liber
1190 3505 1272 3553 esset
1295 3492 1460 3554 innocens.

358 3612 435 3674 Item
463 3612 639 3695 Gregorius
663 3613 747 3675 filius
771 3615 882 3675 Ponda
905 3630 1018 3676 octavo
1036 3615 1087 3676 die
1111 3617 1210 3678 tercio
1234 3636 1266 3677 se
1291 3635 1386 3697 super
1410 3635 1448 3676 eo
1465 3614 1512 3695 ju·

234 3720 342 3797 rabit,
360 3719 449 3801 quod
467 3721 533 3802 ipse
551 3739 655 3801 neque
672 3740 748 3781 suus
761 3720 859 3781 homo
874 3740 993 3801 equum
1009 3722 1098 3783 Pauli
1114 3721 1192 3782 fabri
1211 3741 1276 3782 non
1294 3719 1513 3784 interfecisset.

683 3939 780 4013 Feria
809 3949 908 4014 sexta
937 3962 1090 4031 sequens.

777 4094 841 4174 (17.
864 4093 1006 4176 auguste).

356 4230 433 4292 Item
467 4232 649 4295 Anthonius
674 4235 850 4318 Petrenych
876 4251 985 4297 contra
1018 4235 1202 4317 Chupinam
1227 4233 1369 4295 secundo
1399 4233 1513 4294 citatus

243 4351 316 4397 non
342 4339 533 4420 comparuit.

354 4441 433 4504 Item
457 4444 602 4506 Andreas
625 4461 726 4508 sartor
751 4459 860 4507 contra
893 4445 1009 4528 Gyuan
1036 4446 1197 4508 Gallicum
1230 4447 1372 4509 secundo
1398 4446 1511 4507 citatus

240 4559 314 4608 non
340 4550 531 4632 comparuit.
