3404 5362
228 367 291 430 29⁰
630 347 718 405 Anno
740 341 834 422 1388.
861 377 902 387 -
926 339 956 404 ό.
980 339 1096 404 nonii.

331 558 411 622 Item
435 558 543 621 Eudre
568 572 678 620 contra
702 557 884 620 Johaunem
907 553 1011 616 filium
1036 554 1119 616 Petri
1153 552 1259 635 primo
1291 552 1406 615 citatus
1427 571 1465 612 ιι

227 665 416 747 comparuit.

333 770 411 832 ltem
436 769 582 832 Andreas
612 781 701 832 sutor
733 782 844 831 contra
876 768 1056 830 Johannem
1088 764 1263 850 pellificem
1296 780 1412 827 octavo
1442 779 1474 825 c

227 875 444 958 respondebit.

333 982 411 1044 Item
440 982 594 1044 Nicolaus
625 981 711 1043 filius
742 982 832 1043 Pauli
866 981 898 1042 in
932 980 1015 1043 facto
1046 979 1264 1042 fideiussionis
1295 992 1408 1041 contra
1432 983 1474 1039 p,

227 1088 336 1151 dream
361 1101 502 1150 sutorem
528 1088 560 1150 in
586 1086 669 1150 facto
694 1088 911 1169 quorumdam
935 1085 1064 1169 frugum
1089 1108 1122 1149 se
1146 1088 1348 1170 expurgavit.

334 1194 411 1256 ltem
436 1193 601 1256 Golozlou
625 1207 736 1255 contra
761 1194 891 1255 Petrum
915 1207 1030 1256 octavo
1055 1192 1106 1254 die
1131 1193 1353 1275 respondebit.

335 1301 414 1363 Item
429 1301 579 1363 Marenus
592 1314 702 1363 contra
715 1300 917 1362 Anthonium
930 1300 1074 1363 secundo
1092 1301 1206 1362 citatus
1223 1320 1288 1362 non
1307 1319 1474 1383 comparu

331 1406 410 1469 Item
435 1407 584 1469 Vrbanus
607 1419 718 1469 contra
743 1407 945 1469 Anthonium
963 1406 1198 1488 carpentarium
1216 1405 1362 1468 secundo
1388 1406 1474 1467 citat·

230 1534 296 1576 non
321 1514 511 1597 comparuit.

335 1620 413 1682 ltem
438 1620 523 1682 lwan
540 1620 700 1683 Wrouich
717 1640 790 1682 cum
815 1620 948 1682 domina
972 1640 1028 1682 sua
1045 1632 1193 1681 consorte
1210 1618 1242 1679 in
1266 1616 1474 1679 verberaciot

230 1726 319 1808 quod
352 1727 513 1788 Fabianus
551 1726 694 1789 literatus
734 1727 852 1789 dictam
892 1726 1059 1787 dominam
1091 1726 1288 1787 verberasset
1316 1735 1349 1786 et
1384 1722 1474 1785 vuluv

229 1846 336 1911 rasset,
361 1832 401 1894 ad
424 1833 620 1915 peticionem
653 1836 828 1915 proborum
854 1833 994 1894 virorum
1028 1832 1135 1894 eidem
1162 1830 1306 1893 Fabiano
1339 1829 1473 1891 relaxav

228 1953 312 2018 runt,
339 1954 370 2001 et
393 1939 481 2021 quod
505 1940 530 2001 si
556 1941 623 2023 ipse
648 1941 809 2002 Fabianus
834 1940 873 2001 de
898 1955 1005 2002 cetero
1037 1938 1100 2000 tale
1132 1937 1183 1999 vel
1210 1936 1287 1997 huic
1317 1936 1429 1999 simile
1461 1956 1474 1997 c

230 2036 356 2124 faceret,
380 2062 495 2108 extunc
520 2047 671 2128 premissa
697 2047 813 2108 eodem
839 2047 982 2109 Fabiano
1007 2066 1072 2107 non
1098 2057 1202 2107 essent
1228 2042 1379 2106 relaxata.

336 2152 413 2213 ltem
438 2153 614 2233 Agustinus
638 2153 786 2215 sacerdos
802 2166 917 2214 octavo
941 2153 993 2214 die
1017 2153 1117 2214 tercio
1140 2172 1173 2214 se
1190 2169 1286 2232 super
1303 2168 1344 2210 eo
1369 2148 1474 2230 jurabi

228 2258 316 2340 quod
342 2259 408 2340 ipse
440 2273 610 2341 postquam
644 2261 779 2322 banatus
810 2260 944 2322 domino
969 2258 1119 2320 Ladislao
1153 2257 1357 2319 condonatus
1383 2255 1474 2319 fuera

229 2366 326 2428 nichil
352 2366 392 2427 de
416 2365 608 2427 victualibus
632 2366 671 2426 de
695 2366 876 2428 castellanis
900 2365 1023 2427 domini
1050 2367 1139 2425 Altus
1163 2363 1237 2425 bani
1263 2362 1428 2424 habuerit.

336 2472 412 2533 ltem
432 2471 592 2553 Georgius
608 2472 647 2533 de
666 2473 847 2555 Bakounyk
864 2472 1010 2533 similiter
1026 2471 1124 2532 tercio
1142 2491 1174 2531 se
1191 2483 1305 2531 octavo
1323 2467 1378 2529 die
1408 2489 1473 2553 sup

230 2596 268 2637 eo
299 2577 431 2657 jurabit,
464 2578 551 2658 quod
577 2579 643 2658 ipse
668 2593 840 2659 postquam
872 2580 1007 2640 banatus
1038 2577 1173 2638 domino
1200 2574 1351 2637 Ladislao
1377 2577 1474 2638 cond

230 2698 322 2745 natus
340 2683 440 2744 fuerat
458 2683 555 2744 nichil
572 2684 611 2744 de
629 2685 821 2746 victualibus
838 2686 877 2745 de
895 2685 1075 2746 castellanis
1092 2683 1317 2744 dominiAkus
1334 2681 1474 2745 habueri

336 2790 412 2851 Item
432 2790 515 2850 lwan
541 2789 697 2851 Wrouich
723 2804 753 2852 et
778 2791 923 2852 Thomas
947 2791 1164 2872 carpentarius
1188 2789 1326 2871 quilibet
1352 2788 1470 2870 ipsoru

230 2896 385 2977 vigesimo
410 2897 523 2977 quinto
548 2916 581 2957 se
605 2916 700 2977 super
721 2917 760 2958 co
777 2897 938 2978 jurabunt,
963 2897 1051 2978 quod
1077 2897 1136 2978 ipsi
1156 2897 1187 2957 in
1213 2895 1296 2956 facto
1323 2894 1474 2977 intorem

230 3003 331 3063 cionis
355 3002 452 3063 Blasii
477 3002 633 3064 tributarii
660 3003 846 3065 innocentes
862 3018 965 3064 essent
990 3003 1116 3084 penitus
1140 3016 1171 3065 et
1188 3003 1363 3080 immunes,
1389 3016 1424 3065 et
1442 3002 1474 3063 hv

231 3122 345 3170 octavo
370 3108 432 3170 die.

337 3216 414 3277 ltem
447 3216 588 3278 Briccius
619 3215 702 3277 filius
734 3218 856 3279 Maroni
891 3219 922 3280 in
956 3217 1027 3280 foro
1055 3217 1087 3278 in
1120 3215 1204 3277 facto
1235 3216 1474 3296 interempcion

231 3322 326 3384 Blasii
353 3323 510 3384 tributarii
535 3323 691 3404 legittime
716 3324 941 3404 proclamatus,
966 3324 1005 3385 ad
1035 3323 1193 3404 justiciam
1219 3340 1283 3382 non
1309 3322 1414 3383 venit.

337 3429 414 3490 ltem
450 3429 590 3510 quedam
622 3429 714 3490 vinea
754 3449 817 3510 que
850 3430 967 3491 Demse
1003 3428 1188 3512 prefuisset,
1221 3426 1399 3489 Valentino
1437 3427 1473 3491 fil

232 3535 360 3597 Gerdak
385 3535 470 3613 juxta
494 3549 719 3597 testamentum
745 3536 1011 3617 adjudicavimus.

337 3641 414 3702 ltem
440 3640 600 3702 lohannes
625 3640 774 3725 Grachyn
800 3658 914 3704 octavo
947 3642 998 3703 die
1031 3639 1174 3702 secundo
1197 3658 1230 3698 se
1263 3657 1362 3719 super
1387 3658 1430 3700 eo
1457 3639 1474 3721 ᾗ]

231 3747 322 3824 rabit,
348 3746 435 3828 quod
461 3747 527 3828 ipse
560 3768 625 3809 non
658 3749 795 3830 propriis
827 3748 983 3831 frugibus,
1016 3768 1095 3829 quas
1118 3747 1186 3828 ipse
1218 3746 1423 3824 seminasset,
1448 3767 1474 3808 sc

231 3852 271 3914 de
295 3853 365 3914 aliis
390 3851 534 3933 frugibus
558 3853 700 3934 Georgio
726 3855 811 3916 Luce
835 3855 911 3915 dare
936 3855 1132 3935 assignasset.

338 3959 416 4021 Item
442 3979 534 4021 causa
560 3961 730 4040 Dragozlai
749 3960 840 4042 jurati
867 3976 897 4023 er
922 3961 1053 4022 dominc
1071 3958 1227 4021 consortis
1244 3957 1377 4018 Martini
1404 3958 1474 4041 plpl

231 4078 340 4127 contra
373 4065 542 4127 dominum
572 4066 737 4127 custodem
769 4086 870 4148 usque
902 4067 1082 4148 quindenas
1112 4079 1158 4127 est
1189 4077 1373 4145 prorogata,
1411 4083 1474 4146 qu<

230 4186 306 4234 tunc
330 4173 398 4233 sine
423 4173 512 4234 omni
536 4172 678 4234 ulteriori
703 4173 935 4254 prorogacione
961 4172 1118 4251 justiciam
1144 4169 1293 4231 facerent.

337 4278 415 4341 ltem
433 4279 621 4341 Dominicus
638 4278 798 4360 pcnestica
822 4278 1031 4360 prescriptum
1049 4295 1142 4337 suurn
1161 4274 1378 4354 juramentum
1400 4288 1472 4340 terc

232 4405 276 4463 se,
301 4385 389 4465 quod
415 4385 481 4466 ipse
505 4384 603 4446 nichil
622 4385 661 4447 de
687 4385 820 4466 pecunia
839 4384 936 4445 Blasii
968 4382 1125 4444 tributarii
1151 4381 1322 4457 habuisset,
1349 4379 1474 4463 depost

232 4505 266 4553 ut
290 4491 436 4554 debebat.

337 4597 415 4659 ltem
440 4599 564 4660 Blasius
595 4613 701 4661 custos
732 4611 847 4658 octavo
879 4596 931 4657 die
956 4616 1051 4676 super
1076 4614 1114 4656 eo
1149 4592 1283 4671 jurabit,
1315 4594 1408 4673 quod
1436 4597 1474 4677 ip:

231 4703 395 4786 quoddam
412 4705 578 4786 pellicium
594 4704 654 4767 sibi
672 4724 727 4786 per
745 4701 961 4783 Dragozlaum
975 4749 983 4764 .
998 4749 1005 4763 .
1022 4752 1028 4765 .
1044 4716 1074 4763 et
1099 4699 1256 4782 quasdam
1274 4713 1349 4761 octo
1375 4720 1474 4763 marci

231 4829 296 4871 non
321 4811 550 4894 assumpsisset.

757 4909 968 4930 -ῠῡ-Ο-ίῆ-
