3404 5362
586 365 673 422 Anno
695 359 787 438 1387.
814 396 853 406 -
879 359 910 421 8.
926 361 1081 442 junuarii.
1401 363 1463 445 269

298 573 383 635 Item
414 573 526 634 Petrus
557 587 671 634 octavo
704 572 755 633 die
787 572 930 633 secundo
954 593 987 634 se
1018 594 1114 655 super
1146 592 1185 635 eo
1214 573 1341 653 jurabit,
1374 576 1462 656 quod

199 676 257 758 ipse
286 679 461 760 Draganye
485 697 551 740 non
575 677 649 760 plus
680 678 739 739 nisi
773 677 884 740 decern
916 679 1031 740 marcis
1055 679 1181 741 debitor
1214 678 1324 742 fuisset
1349 694 1380 742 et
1404 700 1461 742 un·

200 781 298 846 decim
329 797 361 845 et
385 783 526 845 mediam
549 784 707 845 solvisset.

302 889 383 951 Item
409 889 572 950 Johannes
596 903 684 951 sutor
707 904 823 952 octavo
856 891 908 952 die
942 890 1042 952 tercio
1066 910 1100 951 se
1130 890 1258 970 jurabit,
1284 891 1372 972 quod
1398 892 1464 973 ipse

199 993 319 1056 Sarkan
346 995 580 1076 paramendum
604 1015 668 1058 non
694 997 896 1079 apreciasset.

303 1100 384 1162 Item
409 1105 502 1162 Anna
527 1102 644 1163 mulier
668 1118 782 1165 octavo
807 1103 858 1164 die
880 1104 979 1165 tercio
999 1122 1031 1164 se
1049 1123 1200 1187 supereo
1223 1104 1351 1186 jurabit,
1376 1105 1464 1187 quod

188 1207 264 1289 ipsa
290 1207 392 1268 nichil
416 1207 553 1268 Nicolao
578 1206 645 1269 filio
670 1210 794 1271 Nicolai
827 1209 1041 1273 subtraxisset.

304 1314 383 1374 Item
413 1333 506 1375 causa
536 1314 693 1376 Anthonii
726 1330 836 1377 contra
869 1314 1064 1396 Gregorium
1096 1335 1197 1397 usque
1229 1332 1303 1379 octo
1328 1318 1396 1379 dies
1420 1331 1467 1379 est

162 1432 381 1504 prorogata.

306 1526 384 1587 ltem
403 1525 556 1587 Clemens
579 1527 718 1608 piscator
735 1527 960 1610 Zlaknachych
985 1547 1087 1609 usque
1104 1528 1284 1609 quindenas
1309 1529 1467 1610 Gregorio

147 1631 322 1692 decano
360 1631 475 1712 viginti
513 1633 627 1694 starios
662 1634 747 1712 salis,
780 1634 868 1715 quod
901 1635 1125 1717 comprobavit
1155 1655 1229 1696 cum
1262 1637 1350 1696 bono
1381 1635 1466 1696 testi·

142 1737 320 1815 monio,
346 1738 472 1799 solvere
496 1738 602 1800 debet.

303 1844 381 1905 ltem
407 1845 561 1906 Nicolaus
577 1859 687 1907 contra
712 1846 841 1907 Petrum
868 1846 973 1927 primo
1001 1846 1115 1907 citatus
1140 1864 1203 1906 non
1229 1846 1421 1928 comparuit.

306 1949 384 2012 Item
408 1950 494 2011 lwan
518 1951 652 2013 clericus
675 1970 778 2033 usque
812 1951 993 2032 quindenas
1025 1951 1164 2012 consorti
1190 1951 1301 2013 Kusko
1325 1971 1383 2033 pro
1407 1972 1467 2013 suo

142 2054 330 2117 vulnere
355 2056 487 2117 terciam
512 2057 680 2119 dimidiam
706 2077 829 2118 marcas
853 2057 966 2119 solvet.

306 2162 387 2223 item
400 2163 559 2225 Janchech
574 2164 814 2226 molendinator
830 2183 932 2245 usque
953 2163 1134 2246 quindenas
1154 2163 1294 2225 consorti
1312 2164 1468 2225 Johannis

142 2260 327 2335 >istoria
350 2269 483 2331 terciam
515 2268 684 2330 dimidiam
710 2290 831 2331 marcas
855 2290 913 2351 pro
945 2290 1004 2331 suo
1029 2269 1162 2330 vulnere
1186 2268 1321 2350 (solvere
1347 2268 1466 2350 debet).

273 2501 366 2577 Feria
393 2507 502 2578 tercia
530 2510 688 2596 proxima
716 2513 793 2596 post
820 2507 943 2578 festum
971 2506 1234 2595 Epiphaniarum
1262 2504 1399 2576 domini.

605 2660 704 2736 (Anno
726 2657 817 2737 1387,
850 2656 881 2720 8.
898 2657 1064 2736 januarii).

307 2798 385 2859 ltem
411 2818 504 2860 causa
530 2800 653 2861 Mareni
678 2815 788 2861 contra
813 2799 946 2860 voschar
973 2799 1013 2859 ad
1038 2812 1189 2860 octavum
1213 2798 1298 2859 diem
1325 2812 1371 2860 est
1395 2818 1467 2879 pro·

155 2909 323 2982 ¹’Ogata

308 3011 385 3073 Item
409 3012 522 3073 Banko
547 3012 586 3073 de
611 3026 705 3093 portu
724 3025 833 3073 contra
851 3011 1030 3073 Johannem
1048 3009 1151 3071 filium
1170 3010 1346 3092 Mychaelis
1363 3011 1467 3092 primo

170 3106 316 3178 citatus
338 3138 405 3180 non
431 3118 621 3199 comparuit.

308 3224 385 3287 Item
411 3224 572 3305 Georgius
596 3224 674 3305 vigil
699 3239 808 3285 contra
834 3224 901 3285 Juri
926 3222 1004 3285 feria
1028 3238 1115 3285 sexta
1139 3221 1359 3303 respondebit.

308 3329 385 3392 item
410 3330 552 3392 Briccius
577 3343 686 3392 contra
712 3330 798 3393 lwan
823 3329 900 3391 seria
925 3345 1012 3391 sexta
1036 3328 1253 3411 respondebit.

308 3435 386 3498 ltem
412 3436 535 3519 Symon
559 3450 670 3498 contra
695 3437 850 3498 Jacobum
876 3437 980 3518 primo
1005 3436 1118 3497 citatus
1142 3454 1206 3495 non
1232 3434 1423 3516 comparuit.

309 3541 386 3604 ltem
412 3542 573 3624 Georgius
595 3543 673 3623 vigil
698 3557 807 3604 contra
834 3542 998 3624 quandam
1022 3541 1190 3603 mulierem
1215 3541 1320 3624 primo
1355 3541 1469 3602 citatus

194 3645 269 3699 ¹¹0ss
294 3649 485 3731 comparuit.

308 3753 386 3815 item
412 3774 505 3816 causa
530 3755 687 3817 Anthonii
712 3769 822 3817 contra
848 3753 1041 3835 Gregorium
1066 3753 1106 3814 ad
1139 3751 1252 3814 feriam
1277 3766 1398 3814 sextam
1423 3766 1470 3813 est

187 3852 383 3941 Pf0rogata.

308 3966 385 4028 Item
411 3966 563 4028 dominus
587 3967 723 4048 Egidius
746 3966 894 4029 sacerdos
917 3979 948 4027 et
972 3967 1062 4027 Jursa
1087 3985 1188 4046 usque
1212 3965 1395 4046 quindenas
1412 3964 1469 4025 do-

182 4051 293 4129 mino
317 4073 478 4135 Jakmello
502 4073 631 4154 triginta
655 4087 793 4154 quatuor
818 4072 886 4136 flor.
911 4073 979 4133 auri
1003 4072 1127 4133 solvere
1152 4071 1279 4132 debent.

310 4177 388 4240 Item
413 4180 577 4241 Barnabas
597 4179 772 4241 canonicus
789 4198 844 4260 per
860 4178 1059 4258 judiciariam
1078 4177 1340 4238 commissionem
1360 4189 1469 4236 contra

177 4267 358 4345 cognatos
383 4284 509 4347 Nicolai
534 4284 698 4367 Glesnyak
724 4286 755 4346 in
781 4284 900 4363 judicio
925 4304 990 4345 non
1021 4284 1210 4365 comparuit.

312 4389 387 4452 Item
414 4391 608 4453 Benedictus
632 4389 772 4452 carnifex
797 4404 907 4452 contra
939 4392 1096 4451 Jacobum
1124 4390 1229 4471 primo
1258 4389 1372 4450 citatus
1404 4405 1468 4448 non

178 4477 396 4573 cotllparuit.

314 4600 390 4664 ltem
422 4603 567 4685 Dragecb
607 4616 638 4664 et
669 4602 831 4663 Johannes
865 4601 950 4663 filius
988 4620 1064 4661 suus
1102 4601 1134 4661 in
1167 4599 1250 4663 facto
1284 4598 1470 4660 succisionis

185 4686 372 4770 cuiuadem
389 4709 482 4770 vinee
499 4724 609 4770 contra
635 4708 815 4769 Johannem
832 4706 935 4768 filium
952 4705 1048 4784 Petri,
1066 4706 1097 4766 in
1116 4704 1186 4767 foro
1203 4706 1345 4786 legitime
1365 4704 1469 4787 primo

190 4797 422 4877 9¹0clarnatus
446 4815 486 4877 ad
510 4828 690 4898 presentem
717 4812 828 4874 feriam
858 4812 1000 4890 terciam,
1025 4831 1090 4872 non
1115 4813 1213 4873 venit.
