3404 5362
601 314 688 372 Anno
711 310 800 390 1376.
827 348 867 357 -
890 310 942 377 26.
965 317 1092 387 augusti.

327 523 404 585 Item
430 522 649 586 Lehcumuald
675 537 783 586 contra
808 525 916 588 Mathe
948 538 1088 587 sutorem
1113 525 1256 588 secundo
1280 525 1396 587 citatus
1419 544 1482 586 non

221 631 410 713 comparuit.

327 736 404 798 ltem
440 735 602 799 lohannes
637 737 777 799 decanus
815 753 925 800 contra
965 737 1084 800 chhk
1120 737 1224 821 primo
1268 737 1384 800 citatus
1419 757 1483 799 non

221 844 410 927 comparuit.

325 967 404 1030 ltem
435 966 627 1029 Benedictus
658 966 797 1029 carnifex
833 982 942 1030 contra
981 969 1138 1031 Jacobum
1169 968 1247 1030 Bole
1278 981 1396 1030 octavo
1431 966 1483 1029 die

219 1072 436 1155 respondebit.

324 1198 402 1260 ltem
439 1196 592 1281 Gyurgek
633 1197 805 1281 calcaripar
843 1210 952 1260 contra
991 1197 1154 1261 Videnum
1193 1211 1308 1259 octavo
1339 1196 1391 1258 die
1435 1217 1483 1259 re-

219 1304 400 1386 spondebit.

325 1410 401 1472 ltem
427 1410 579 1474 Nicolaus
602 1424 712 1473 contra
737 1408 913 1473 Stefauiam
937 1410 1042 1493 primo
1059 1410 1173 1472 citatus
1198 1428 1263 1471 nou
1288 1409 1481 1491 comparuit.

323 1535 399 1598 ltem
425 1536 587 1598 Johannes
610 1534 782 1619 Plachtych
807 1536 839 1596 in
859 1535 1033 1617 quindenis
1050 1533 1192 1597 Stelanie
1215 1553 1313 1596 unam
1338 1553 1482 1596 marcam

217 1639 423 1704 denariorum
447 1658 478 1704 et
501 1642 598 1723 judici
623 1642 764 1704 mediam
789 1657 919 1725 propter
943 1642 1100 1725 vituperia
1123 1642 1288 1703 exsolvere
1313 1640 1422 1705 debet.

323 1765 399 1828 ltem
433 1766 616 1829 Alexander
649 1767 681 1828 in
714 1767 886 1848 quindenis
918 1780 1027 1828 contra
1050 1765 1195 1828 Fraucha
1227 1764 1330 1827 filium
1354 1764 1482 1827 Nicolai

216 1871 434 1954 respondebit.

322 1978 399 2040 ltem
423 1979 605 2041 Alexander
629 1979 796 2042 Anthonio
813 1978 880 2041 filio
905 1979 1009 2042 Reniz
1026 1979 1058 2040 in
1083 1978 1256 2061 quindenis
1279 1991 1343 2040 tres
1366 1998 1483 2060 pensas

216 2083 368 2147 exsolvet.

320 2190 398 2252 ltem
424 2191 586 2254 Johaunes
609 2191 693 2254 filius
707 2192 853 2254 Domkus
877 2192 917 2254 de
934 2191 1028 2253 bonis
1044 2190 1135 2252 Pauli
1159 2188 1217 2251 filii
1235 2189 1390 2268 Malheni‚
1408 2191 1481 2253 ubi·

215 2315 342 2379 cunque
367 2298 504 2360 inveniri
528 2298 654 2381 poterit,
678 2318 711 2359 se
737 2299 872 2360 liberam
905 2296 1020 2360 habeat
1051 2296 1237 2358 exsolvendi
1261 2310 1392 2379 propter
1424 2317 1483 2360 sua

214 2403 346 2465 vulnera
370 2403 602 2467 adiudicatoria
627 2406 659 2467 in
681 2406 812 2468 arbitrio
837 2404 1033 2468 facultatem.

319 2525 398 2588 Item
417 2547 510 2590 causa
528 2529 684 2591 lohannis
697 2530 794 2591 Liber
809 2544 841 2592 et
864 2528 973 2592 Sibich
991 2542 1038 2590 est
1053 2546 1110 2611 per
1127 2527 1265 2609 judicem
1280 2527 1320 2590 ad
1337 2529 1482 2611 primum

214 2629 370 2711 judicium
395 2648 468 2716 post
491 2635 666 2697 adventum
690 2636 790 2718 ipsius
814 2635 969 2698 iohannis
992 2634 1031 2696 de
1055 2634 1146 2697 Buda
1170 2649 1352 2717 prorogata.

322 2756 398 2818 Item
424 2777 518 2820 causa
542 2759 678 2821 Vidouis
702 2774 733 2822 et
750 2759 851 2822 Curse
868 2758 1136 2822 molendinatoris
1158 2771 1205 2821 est
1227 2778 1284 2841 per
1308 2759 1482 2821 Marenum

216 2861 256 2923 ad
280 2877 353 2926 octo
378 2863 446 2926 dies
470 2880 595 2948 recepta
620 2866 660 2928 ad
683 2886 806 2949 pacem.

321 2988 399 3051 ltem
423 3010 517 3052 causa
541 2990 638 3053 Blasii
670 2992 786 3053 sutoris
809 3005 841 3055 et
870 2990 1024 3053 iohannis
1055 2989 1210 3051 institoris
1233 3003 1281 3051 est
1302 3008 1360 3072 per
1382 3002 1483 3054 testes

213 3094 253 3154 ad
278 3108 349 3159 octo
374 3095 442 3158 dies
465 3111 636 3179 prorogata
660 3097 700 3159 ad
723 3117 846 3180 pacem.

319 3219 382 3282 lem
408 3240 501 3283 causa
526 3219 658 3303 Georgii
676 3222 805 3283 sartoris
829 3235 859 3283 et
884 3219 1033 3303 Gregorii
1049 3221 1187 3303 proximi
1204 3219 1350 3282 eiusdem
1367 3233 1481 3283 contra

213 3325 379 3388 dominam
404 3327 560 3409 Reginam
593 3342 640 3390 est
663 3348 720 3411 per
751 3327 873 3408 judices
903 3327 942 3389 ad
975 3342 1047 3391 octo
1079 3327 1147 3389 dies
1186 3327 1226 3389 ad
1259 3325 1481 3390 exhibendum

212 3446 439 3495 testamentum
463 3434 595 3496 domine
628 3434 802 3497 Katherine
834 3433 942 3497 relicte
967 3434 1096 3496 Martini
1123 3433 1242 3496 Katiuo
1274 3432 1380 3495 vocati
1404 3453 1480 3516 pro·

212 3552 332 3621 rogata.

318 3646 396 3709 ltem
421 3647 600 3730 Stephanus
624 3648 743 3710 Rudini
768 3662 882 3710 octavo
907 3647 958 3708 die
983 3661 1092 3709 contra
1117 3646 1305 3729 magistrum
1330 3645 1479 3709 Francha

213 3752 408 3816 aurifabrum
433 3769 464 3816 et
488 3753 641 3837 Gyurgek
666 3755 734 3817 sola
758 3775 893 3837 persona
911 3755 1027 3836 jurabit
1051 3754 1083 3814 in
1107 3753 1216 3816 valore
1240 3753 1409 3815 cuiusdam
1427 3752 1478 3816 cifi

212 3880 268 3943 per
292 3861 399 3942 ipsum
424 3860 623 3943 Stephanum
648 3861 786 3923 iohanni
809 3860 877 3923 filio
902 3860 1067 3923 Benedicti
1092 3860 1296 3942 inpignorati.

318 3984 397 4047 ltem
421 4005 514 4047 causa
538 3986 658 4048 Vrbani
684 4000 714 4048 et
739 3985 892 4068 Stephani
916 4001 947 4048 et
978 4006 1034 4069 per
1058 3984 1211 4069 Gyurgek
1245 3984 1479 4067 calcariparum

213 4091 252 4152 ad
278 4103 351 4153 octo
376 4090 444 4153 dies
468 4108 593 4176 recepta
618 4093 658 4155 ad
682 4112 804 4176 pacem.

320 4215 396 4277 Item
421 4236 515 4278 causa
548 4218 646 4279 Marci
679 4217 793 4278 Putani
818 4230 850 4278 et
874 4215 1006 4298 Georgii
1038 4215 1219 4278 stacionarii
1252 4230 1298 4278 est
1320 4235 1377 4298 per
1408 4221 1477 4279 An-

211 4322 361 4385 thonium
385 4323 488 4385 Reniz
513 4323 553 4385 ad
577 4338 650 4385 octo
674 4323 743 4385 dies
766 4337 892 4407 recepta
916 4322 956 4385 ad
980 4342 1103 4406 pacem.

318 4447 396 4509 Item
415 4447 640 4510 Cussilouicha
664 4462 773 4510 contra
798 4448 967 4511 luaninum
984 4462 1098 4510 octavo
1124 4447 1174 4509 die
1199 4468 1231 4510 se
1248 4461 1333 4510 sexta
1358 4446 1479 4529 jurabit

212 4553 245 4614 in
269 4573 318 4632 eo,
343 4554 432 4635 quod
456 4555 522 4636 ipsa
547 4555 586 4615 ab
612 4554 727 4615 eodem
752 4554 885 4615 luanino
902 4568 1023 4636 septem
1047 4574 1162 4636 pensas
1186 4574 1258 4616 cum
1281 4555 1387 4617 media
1408 4576 1477 4619 non

214 4658 375 4722 furaverit.
