3404 5362
487 418 574 476 Anno
598 414 689 495 1378.
716 450 756 460 -
781 430 831 494 27.
855 420 982 493 augusti.
1315 440 1371 500 145

214 628 293 690 ltem
318 629 430 691 Petrus
461 642 572 690 contra
597 628 780 690 Emericum
813 647 1003 710 arcuparum
1034 627 1113 690 feria
1143 629 1240 691 tercia
1264 650 1297 691 se
1327 650 1375 691 se-

110 735 230 797 cundus
252 733 370 817 jurabit
394 735 427 795 in
450 753 501 812 eo,
525 734 614 816 quod
639 734 743 816 ipsum
768 733 855 795 idem
880 734 1045 796 Emericus
1068 734 1259 801 vulneravit.

211 841 290 903 ltem
314 841 467 903 Marenus
483 840 618 902 domum
634 860 726 902 suam
742 860 760 901 a
777 859 871 901 muro
895 853 927 902 et
944 838 1046 901 fundo
1063 840 1190 903 comitis
1215 841 1369 924 Stephani

109 966 206 1028 usque
230 943 347 1007 festum
371 945 470 1008 sancti
488 945 618 1007 Martini
644 965 811 1008 removere
833 944 940 1024 debet,
965 945 1110 1026 alioquin
1134 945 1257 1025 judices
1272 948 1375 1029 ipsam

108 1052 241 1114 domum
265 1071 432 1114 removere
457 1051 631 1114 debebunt.

210 1158 289 1220 ltem
313 1172 429 1220 terram
454 1157 608 1219 arabilem
633 1168 740 1219 sancte
769 1155 970 1237 Margarethe
994 1156 1129 1238 virginis
1152 1157 1235 1220 inter
1257 1144 1375 1221 terram

108 1263 234 1326 domini
259 1264 386 1325 Micusii
411 1277 442 1325 et
465 1262 590 1325 domini
623 1263 707 1325 Petri
732 1261 867 1325 domino
908 1263 1048 1345 plebano
1080 1263 1174 1325 Petro
1206 1264 1375 1326 statuimus

105 1370 234 1452 proprie
256 1369 487 1450 possidendam
512 1370 599 1431 iuxta
623 1388 718 1430 suum
741 1369 975 1430 testimonium.

108 1587 206 1662 Feria
232 1596 331 1661 sexta
358 1593 515 1678 proxima
544 1598 622 1660 ante
650 1588 774 1660 festum
800 1588 1043 1661 Decollacionis
1071 1591 1181 1662 sancti
1210 1590 1375 1680 Johannis

664 1712 828 1801 Baptiste.

630 1868 692 1944 (27.
712 1865 851 1942 augusti).

215 2007 324 2069 Primo
357 2005 506 2090 Mychael
537 2005 622 2067 filius
647 2006 737 2067 Pauli
770 2019 881 2067 contra
906 2006 1098 2067 Mauricium
1130 2006 1236 2089 primo
1260 2008 1374 2070 citatus

107 2134 171 2176 non
198 2113 388 2195 comparuit.

212 2219 290 2281 ltem
311 2218 465 2281 Nicolaus
488 2218 647 2295 sacerdos,
673 2217 826 2300 Gyurgek
844 2217 1019 2309 calcaripar
1036 2232 1067 2281 et
1083 2219 1246 2281 lohannes
1262 2235 1373 2283 contra

107 2325 278 2387 Nicolaum
302 2323 406 2386 filium
431 2323 555 2387 Odolss
579 2324 684 2406 primo
716 2323 802 2386 citati
828 2343 894 2386 non
918 2339 1179 2407 comparuerunt.

213 2431 291 2492 ltem
316 2431 474 2492 Martinus
498 2444 608 2492 contra
634 2429 812 2511 Georgium
835 2449 1026 2492 assessorem
1049 2431 1154 2514 primo
1172 2433 1284 2494 citatus
1308 2453 1374 2495 non

108 2537 297 2621 comparuit.

212 2644 290 2705 ltem
324 2643 472 2726 Mychael
496 2656 607 2704 contra
633 2643 740 2704 Mathe
764 2662 901 2725 puerum
924 2643 1030 2725 primo
1054 2644 1168 2706 citatus
1197 2663 1263 2706 non
1287 2664 1374 2706 com·

107 2750 221 2833 paruit.

211 2856 291 2918 ltem
322 2854 469 2916 Andreas
500 2870 532 2917 et
563 2875 619 2917 sua
651 2874 731 2917 uxor
762 2868 872 2916 contra
904 2855 1072 2918 Marenum
1102 2871 1217 2918 octavo
1250 2856 1302 2919 die
1325 2877 1374 2918 re·

110 2962 327 3046 spondebunt.

212 3068 291 3130 ltem
315 3067 386 3129 Elia
404 3082 514 3130 contra
532 3067 711 3149 Georgium
728 3080 759 3128 et
784 3067 1025 3150 Wllrouycham
1042 3068 1148 3149 primo
1171 3069 1286 3130 citatus
1308 3088 1374 3131 non

109 3175 297 3257 comparuit.

213 3281 292 3342 ltem
305 3280 392 3341 Luca
405 3280 444 3341 de
459 3279 530 3363 Gay
543 3293 654 3341 contra
667 3279 682 3340 J
686 3279 847 3340 anslinum
857 3279 963 3362 primo
976 3279 1090 3342 citatus
1103 3300 1167 3342 non
1184 3280 1374 3363 comparuit.

212 3387 290 3448 ltem
304 3386 479 3469 Matheylto
496 3400 605 3448 contra
619 3385 832 3448 Benedictum
848 3386 954 3468 primo
971 3387 1084 3448 citatus
1100 3407 1166 3449 non
1183 3387 1374 3470 comparuit.

212 3493 291 3555 ltem
316 3492 487 3555 iohannes
518 3492 682 3555 Chemerii
717 3506 828 3554 contra
861 3491 1039 3573 Georgium
1072 3493 1235 3555 literatum
1267 3494 1373 3576 primo

109 3598 221 3661 citatus
245 3618 310 3661 non
335 3599 524 3680 comparuit.

211 3703 290 3767 ltem
314 3703 466 3766 Miclinus
489 3703 611 3785 juratus
635 3705 766 3768 domine
792 3707 967 3770 Katherine
995 3705 1125 3768 CXVlll
1150 3703 1219 3768 flor.
1243 3704 1311 3767 auri
1340 3705 1373 3767 in

109 3808 279 3890 quindenis
302 3809 475 3893 persolvet.

212 3916 289 3978 ltem
316 3914 452 3978 Mathias
469 3930 579 3978 contra
600 3917 809 3980 Dominicum
834 3920 939 4002 primo
958 3920 1072 3982 citatus
1088 3937 1153 3980 non
1180 3917 1375 3999 comparuit.

213 4021 291 4084 ltem
312 4020 462 4105 Mychael
475 4037 586 4085 contra
604 4024 776 4086 Nicolaum
793 4024 932 4106 juratum
954 4040 1069 4087 octavo
1087 4025 1138 4085 die
1156 4022 1374 4105 respondebit.

213 4127 292 4190 Item
316 4128 474 4190 Martinus
491 4143 601 4191 contra
619 4130 820 4213 Mychaelem
839 4132 944 4214 primo
968 4132 1081 4194 citatus
1097 4150 1163 4193 non
1181 4131 1372 4212 comparuit.

212 4233 291 4296 ltem
314 4234 499 4295 Alexander
518 4246 629 4297 contra
653 4236 824 4299 dominum
842 4237 1027 4320 Philippum
1046 4237 1151 4319 primo
1177 4236 1291 4298 citatus
1307 4255 1374 4298 non

109 4341 296 4423 comparuit.

213 4446 291 4508 ltem
316 4447 394 4509 luan
418 4462 528 4510 contra
553 4448 738 4529 Dragonam
762 4449 868 4530 primo
893 4449 1007 4511 citatus
1030 4468 1096 4510 non
1121 4449 1314 4530 comparuit.

211 4552 290 4615 ltem
315 4554 422 4617 Mathe
447 4567 557 4616 contra
581 4553 744 4616 Andream
769 4568 885 4616 octavo
909 4556 961 4618 die
986 4554 1204 4637 respondebit.

213 4658 293 4721 ltem
317 4679 413 4722 causa
437 4660 580 4741 magistri
599 4659 752 4742 Stephani
777 4659 834 4722 filii
853 4660 986 4743 Chopor
1010 4674 1040 4722 et
1065 4660 1191 4722 Nicolai
1216 4658 1273 4722 lilii
1298 4662 1375 4723 Ale·

108 4766 218 4828 xandri
252 4779 301 4830 est
331 4766 371 4827 ad
404 4765 517 4830 feriam
549 4780 670 4829 sertam
701 4768 881 4849 proximam
913 4781 985 4850 post
1008 4764 1125 4830 festum
1157 4766 1376 4830 Exaltacionis

107 4886 211 4935 sancte
246 4872 350 4935 crucis
384 4872 622 4956 perhemptorie
657 4888 827 4955 prorogata
862 4873 918 4935 tali
953 4872 1071 4951 modo,
1110 4871 1198 4953 quod
1231 4872 1375 4953 predicte

1233 4982 1270 5023 ιο
