3398 5364
517 365 718 444 Ann01378.
743 403 786 412 —
808 383 860 443 27.
885 370 999 442 aprilis.
1341 389 1398 451 123

195 476 454 484 ———

240 581 320 644 Item
343 599 438 642 causa
462 579 602 663 Philippi
634 593 665 641 et
694 578 849 662 Gyurgek
880 594 926 641 est
949 600 1007 662 per
1037 579 1219 642 lohannem
1244 581 1400 643 Hermani

199 701 275 750 octo
299 687 368 749 dies
392 700 517 768 recepta
542 686 582 747 ad
606 705 729 767 pacem.

240 794 319 856 Item
344 792 525 875 Stephanus
549 805 659 853 contra
683 790 827 854 Blasium
851 791 956 875 primo
981 792 1095 854 citatus
1119 812 1184 854 non
1209 792 1400 875 comparuit.

241 899 320 962 Item
345 896 506 979 Georgius
530 911 640 958 contra
665 896 767 960 Cursa
798 897 1091 960 molendinatorem
1123 896 1201 959 feria
1225 910 1312 960 sexta
1336 911 1401 959 ate·

195 1006 231 1068 >it
253 1024 311 1089 per
335 1004 505 1066 Nicolaum
539 1003 721 1086 Hlebopelr,
754 1002 861 1065 Mathe
893 1017 1036 1066 sutorem
1068 1019 1099 1064 et
1123 1004 1244 1065 Lucam
1268 1022 1401 1085 arcupa-

195 1130 215 1174 n
243 1130 339 1192 super
364 1130 414 1188 eo,
438 1109 527 1191 quod
552 1110 656 1191 ipsum
682 1110 788 1172 verbis
814 1109 963 1192 turpibus
984 1108 1150 1172 affecisset.

240 1216 343 1280 Nota!
368 1216 456 1298 quod
481 1216 556 1298 quia
582 1215 719 1278 Mathias
748 1216 974 1298 stipendiarius
992 1214 1144 1299 Gyurgelr
1170 1216 1399 1298 calcariparum

195 1342 263 1386 ‚one
296 1322 477 1384 testamenti
510 1321 640 1383 Paulisii
671 1320 809 1382 condam
840 1321 940 1383 nostri
964 1322 1106 1382 concivis
1138 1321 1170 1382 in
1199 1320 1400 1403 presenciam

196 1429 263 1491 olai
288 1427 505 1490 archidiaconi
530 1446 658 1489 causam
676 1427 863 1506 attraxisset,
886 1427 1017 1490 tandem
1033 1427 1073 1488 ad
1098 1427 1249 1489 ultimum
1266 1440 1398 1509 propter

195 1554 258 1598 tum
282 1535 370 1618 pacis
404 1534 490 1596 idem
516 1535 617 1595 Matas
641 1534 746 1616 ipsum
779 1532 932 1616 Gyurgek
961 1534 1101 1597 reddidit
1134 1534 1317 1617 expeditum
1343 1533 1399 1595 tali

195 1641 246 1719 do,
270 1640 359 1722 quod
375 1655 546 1722 postquam
574 1640 712 1721 privigni
742 1640 840 1722 ipsius
865 1639 1017 1723 Gyurgelr
1045 1641 1086 1702 ad
1111 1655 1228 1703 etatem
1251 1654 1396 1704 teneram

195 1748 340 1811 venerint
363 1747 498 1811 liberam
526 1747 691 1809 habebunt
715 1747 820 1830 ipsum
854 1760 1081 1810 testamentum
1112 1747 1329 1830 prosequendi
1354 1745 1399 1807 f-

195 1867 298 1917 atem.

240 1960 319 2023 ltem
351 1959 428 2021 luan
461 1958 627 2022 Korosech
659 1972 768 2022 contra
805 1959 1006 2043 Mychaelem
1042 1960 1147 2042 primo
1179 1960 1293 2021 citatus
1332 1978 1398 2020 non

195 2066 323 2149 aparuit.

239 2170 317 2234 ltem
353 2172 465 2234 Marko
502 2185 533 2234 et
569 2170 676 2234 Mathe
713 2191 787 2232 cum
818 2172 913 2233 sociis
949 2172 1092 2254 ipsorum
1124 2184 1234 2233 contra
1267 2172 1397 2234 Petrum

195 2276 316 2360 (uldich
332 2291 447 2339 octavo
471 2277 523 2339 die
539 2276 690 2358 jurabunt
706 2277 738 2338 in
756 2298 806 2355 eo,
831 2277 918 2358 quod
942 2278 1001 2360 ipsi
1025 2297 1116 2340 suam
1133 2278 1305 2339 clamidem
1330 2296 1396 2338 non

195 2382 336 2466 epissent,
368 2383 505 2464 quilibet
535 2382 652 2444 tercius
683 2395 759 2461 met,
783 2397 815 2445 et
845 2384 975 2465 prestito
1007 2383 1188 2464 juramento
1212 2403 1303 2444 suam
1336 2382 1398 2444 cla·

195 2489 255 2551 lem
280 2489 484 2572 persolvent;
507 2488 563 2549 sed
594 2501 702 2550 tamen
734 2488 820 2550 idem
856 2489 968 2551 Petrus
999 2489 1117 2571 jurabit
1140 2503 1299 2571 quantum
1331 2488 1399 2570 ipsa

195 2595 246 2657 nis
268 2595 430 2657 valuisset.

240 2700 320 2764 ltem
345 2701 481 2764 Mathias
505 2714 618 2763 octavo
651 2701 703 2763 die
727 2701 844 2783 jurabit
873 2721 1042 2784 supereo,
1075 2701 1164 2784 quod
1188 2703 1314 2764 blasius
1338 2702 1399 2764 sibi

195 2808 261 2871 lum
286 2807 406 2870 librum
431 2807 571 2869 dedisset
595 2827 653 2869 nec
678 2808 869 2889 assignasset
891 2808 931 2870 ad
956 2809 1224 2871 conservandum.

241 2913 320 2975 ltem
347 2913 434 2974 Luca
459 2911 600 2975 carnifex
624 2927 738 2976 octavo
764 2914 814 2975 die
839 2914 958 2995 jurabit
979 2935 1012 2976 se
1036 2915 1153 2977 tercius
1177 2916 1208 2977 in
1235 2934 1284 2993 eo,
1309 2913 1399 2996 quod

195 3038 211 3080 n
236 3018 365 3081 nullum
389 3018 516 3080 milium
540 3019 581 3081 ad
597 3019 732 3082 domum
757 3021 895 3082 barberii
912 3021 1116 3084 conduxisset
1133 3041 1191 3083 nec
1208 3021 1294 3083 idem
1312 3021 1399 3082 Luca

195 3144 228 3187 m
253 3124 380 3186 milium
405 3125 584 3207 recepisset.

240 3230 320 3293 ltem
352 3230 515 3293 lohannes
545 3245 655 3294 contra
688 3230 867 3314 Georgium
898 3252 955 3315 per
983 3233 1113 3296 Petrum
1145 3232 1255 3296 Kurch
1280 3247 1310 3295 et
1335 3234 1399 3296 Res

195 3337 282 3400 stabit
305 3337 394 3418 quod
418 3338 525 3420 ipsum
549 3338 637 3401 idem
661 3337 823 3419 Georgius
847 3338 1024 3402 interficere
1048 3340 1212 3403 voluisset.

238 3443 320 3505 ltem
343 3442 533 3505 Valentinus
556 3462 589 3505 se
606 3444 741 3505 omnino
762 3464 779 3506 a
798 3445 910 3506 Marko
935 3444 1057 3508 Gemez
1075 3446 1247 3527 expedivit,
1265 3461 1296 3509 et
1312 3447 1398 3509 idem

195 3551 224 3611 rk
249 3563 296 3610 est
318 3547 417 3629 judici
442 3549 607 3612 convictus
630 3550 663 3612 in
688 3550 727 3611 lll
754 3550 862 3632 pensis
886 3550 1103 3614 denariorum.

240 3655 320 3717 ltem
356 3654 517 3737 Georgius
548 3656 677 3719 Zirotlre
710 3670 820 3718 contra
851 3657 1016 3739 Philipum
1047 3659 1152 3740 primo
1189 3660 1302 3722 citatus
1333 3681 1399 3722 non

195 3761 325 3846 tparuit.

239 3867 320 3930 ltem
344 3867 507 3931 lohannes
530 3869 677 3930 atestabit
698 3883 812 3931 octavo
836 3870 888 3931 die
912 3890 968 3953 per
984 3870 1061 3931 luan
1087 3870 1226 3932 Plauech
1251 3884 1281 3932 et
1305 3890 1398 3933 suum

195 3974 319 4056 tignum
344 3973 433 4056 quod
457 3975 562 4057 ipsum
588 3973 748 4056 Georgius
772 3976 1009 4059 vituperaverit.

240 4080 318 4142 ltem
336 4080 538 4161 Margaretha
554 4081 671 4143 mulier
687 4096 797 4144 contra
814 4083 983 4144 Marenuru
1000 4082 1040 4143 ad
1058 4083 1245 4145 mandatum
1265 4082 1398 4164 Georgii

195 4186 300 4249 rasoris
322 4185 443 4267 judicio
468 4207 533 4249 nou
558 4188 746 4270 comparuit.

239 4289 318 4354 ltem
341 4291 438 4374 judex
461 4291 540 4355 feria
556 4307 643 4355 sexta
663 4313 720 4376 per
736 4293 907 4355 Nicolaum
924 4293 1138 4356 Zrebernicha
1163 4309 1195 4357 et
1212 4293 1399 4356 Pertoldum

195 4413 245 4462 tra
277 4397 457 4481 Georgium
488 4400 645 4478 atestabit,
677 4400 766 4481 quod
802 4400 869 4482 ipse
901 4401 1087 4463 asseruisset
1119 4400 1231 4467 falsam
1257 4401 1398 4463 mediam

196 4503 255 4567 uli.

241 4610 320 4673 ltem
344 4610 469 4672 Mareas
493 4624 603 4673 contra
636 4611 739 4673 Eliam
773 4631 907 4694 parvum
940 4627 1055 4675 octavo
1087 4613 1139 4676 die
1163 4613 1282 4695 jurabit
1304 4631 1400 4695 super

208 4715 298 4800 quod
323 4717 384 4779 sibi
415 4737 475 4800 pro
507 4718 635 4780 duobus
667 4718 812 4780 curribus
843 4717 908 4781 feni
941 4720 1070 4782 debitor
1102 4741 1167 4783 non
1199 4719 1390 4795 extiterit,e

195 4842 221 4886 m
244 4824 369 4887 Mareas
392 4824 453 4886 sibi
478 4823 590 4887 decem
615 4838 646 4887 et
668 4839 741 4886 octo
765 4825 915 4887 denarios
939 4826 1120 4908 persolvere
1145 4826 1251 4889 debet.
