3404 5362
217 325 280 386 250
597 300 798 381 Ann01385.
823 338 864 347 —
888 300 940 365 18.
963 304 1091 377 augusti.

323 518 401 578 Item
426 517 522 599 Myke
555 529 663 576 contra
696 514 903 576 Dominicum
936 516 1064 596 nigrum
1095 512 1237 575 secundo
1272 513 1388 575 citatus
1419 531 1481 575 non

217 638 407 706 comparuit.

324 731 403 793 Item
429 729 560 791 domIna
583 733 675 789 Anna
700 728 809 789 relicta
835 728 955 789 Polana
980 740 1089 789 contra
1122 726 1319 787 Damianum
1344 722 1492 785 secundo

217 838 310 899 citata
335 856 400 897 non
424 835 614 917 comparuit.

322 960 401 1022 Item
418 959 602 1021 Anthonius
619 958 774 1020 litteratus
790 977 846 1039 per
867 957 1025 1018 Jacobum
1042 955 1121 1017 Role
1143 969 1174 1017 et
1190 952 1353 1015 Wrouich
1370 967 1483 1014 octavo

217 1068 267 1129 die
294 1067 353 1129 hoc
378 1066 545 1142 atestabit‚
571 1064 659 1146 quod
684 1064 789 1146 ipsum
821 1062 984 1125 lohannes
1007 1060 1092 1124 filins
1116 1061 1235 1122 Donati
1267 1060 1482 1142 percussisset.

323 1191 400 1252 Item
426 1189 579 1251 Clemens
603 1201 712 1250 contra
738 1187 883 1248 Marcum
912 1185 1014 1248 tilium
1040 1183 1177 1269 Mykech
1201 1183 1347 1246 secundo
1372 1185 1483 1245 citatus

217 1317 281 1358 non
306 1295 496 1378 comparuit.

321 1402 399 1464 Item
425 1400 579 1482 Baboyeb
603 1414 713 1461 contra
739 1398 918 1479 Georgium
942 1399 1047 1480 prImo
1072 1397 1186 1459 citatus
1202 1416 1267 1458 non
1294 1396 1483 1480 comparuit.
1553 1436 1564 1443 -

322 1508 400 1570 Item
435 1506 543 1569 Mathe
574 1506 717 1567 secundo
748 1525 780 1566 se
812 1519 927 1566 octavo
959 1504 1012 1566 dle
1043 1523 1138 1587 super
1171 1523 1210 1565 eo
1241 1503 1372 1585 jurabit,
1397 1501 1482 1584 quod

217 1615 283 1696 ipse
308 1614 416 1675 Endre
443 1633 507 1675 non
532 1614 741 1695 vituperasset
765 1631 870 1693 neque
898 1611 1007 1692 aIIqua
1040 1609 1133 1671 dolea
1158 1610 1198 1671 ab
1223 1629 1263 1670 eo
1288 1609 1328 1670 ad
1354 1628 1481 1671 conces·

216 1721 341 1782 sionem
368 1720 548 1801 recepisset.

322 1825 400 1887 Item
426 1825 573 1908 Mycbael
599 1823 687 1886 faber
720 1825 753 1884 io
785 1823 868 1885 lacto
901 1823 1163 1905 interempcionis
1194 1823 1269 1904 equi
1304 1821 1481 1905 Mychaelis

216 1932 273 1994 filii
300 1932 477 1993 Stacbunar
501 1933 656 1992 innocens
680 1944 726 1992 est
749 1944 907 2013 repertus,
936 1929 1010 1991 ideo
1034 1929 1255 1991 commisimus
1279 1929 1387 2010 ipsum
1413 1930 1478 2011 My-

216 2038 358 2100 chaelem
385 2036 511 2099 fabrum
536 2037 731 2118 expeditum.

322 2145 401 2206 Item
419 2144 576 2205 Martinus
599 2144 817 2225 carpentarius
833 2156 942 2205 contra
961 2143 1141 2204 Barnabam
1158 2141 1360 2204 sacerdotem
1376 2141 1478 2223 primo

216 2251 330 2312 citatus
354 2270 419 2311 non
446 2250 634 2331 comparuit.

322 2376 399 2438 Item
424 2376 513 2457 quod
537 2375 612 2456 quia
638 2424 644 2437 .
672 2421 679 2436 .
703 2375 833 2454 jobagio
865 2374 1007 2455 magistri
1040 2375 1130 2434 Altus
1154 2373 1187 2434 in
1219 2373 1382 2433 Rakonuk
1407 2371 1481 2433 resi-

216 2484 295 2544 dens
327 2497 480 2563 tanquam
514 2495 602 2544 actor
630 2486 742 2542 'contra
774 2480 945 2542 Nicolaum
977 2479 1080 2542 filium
1114 2479 1238 2542 Odolas
1267 2479 1300 2540 in
1326 2477 1412 2540 facto
1436 2498 1481 2540 re·

215 2589 445 2671 captIvacionis
470 2588 636 2650 cuiusdam
659 2587 750 2650 bovis
775 2588 859 2648 binis
876 2587 999 2648 vicibus
1023 2586 1064 2647 ad
1088 2586 1197 2648 sedem
1222 2585 1427 2666 judiciarIam
1451 2586 1482 2646 in

215 2709 360 2755 nostrum
379 2694 536 2774 judicium
554 2714 619 2755 non
645 2694 732 2755 venit
749 2713 854 2775 neque
872 2693 969 2771 misit,
986 2693 1060 2754 ideo
1078 2711 1206 2754 causam
1223 2712 1316 2753 suam
1332 2693 1483 2774 perdidit.

324 2819 401 2879 Item
427 2819 618 2879 Benedictus
650 2819 776 2880 Mezera
809 2838 910 2899 usque
943 2818 1123 2900 quiudenas
1153 2816 1283 2879 Andree
1316 2816 1481 2900 jobagIoni

218 2924 353 3006 Myklini
378 2924 457 2984 duas
481 2944 603 2985 marcas
627 2939 658 2987 et
682 2938 811 2986 centum
837 2925 987 2986 denarIos
1017 2943 1075 3005 pro
1101 2923 1308 3005 percussIone
1336 2923 1481 2999 eiusdem

217 3050 316 3112 usque
340 3030 541 3110 sanguinem,
566 3032 655 3112 quod
678 3031 765 3092 solus
790 3051 855 3092 non
881 3031 1019 3112 negavit,
1043 3030 1168 3092 solvere
1193 3030 1301 3092 debet.

322 3137 400 3197 Item
422 3135 509 3198 idem
542 3138 669 3198 Mezera
701 3150 816 3199 octavo
849 3138 901 3198 die
934 3137 1076 3198 secundo
1105 3157 1138 3199 se
1169 3156 1266 3218 super
1290 3155 1330 3199 eo
1353 3135 1481 3218 jurabit,

216 3243 304 3326 quod
328 3244 395 3325 ipse
421 3243 620 3305 Demetrium
646 3263 710 3304 non
736 3245 940 3325 percussisset
967 3264 1072 3326 neque
1098 3244 1317 3325 vituperasset.

321 3368 398 3428 Item
427 3368 538 3429 Petrus
564 3369 726 3451 Scornych
751 3383 865 3430 octavo
890 3370 942 3430 die
974 3389 1029 3451 per
1054 3368 1282 3448 Dragozlaum,
1310 3366 1426 3449 Cygan
1452 3378 1482 3428 et

216 3475 312 3536 Loter
336 3474 396 3534 hoc
428 3474 592 3552 atestabit,
625 3474 713 3555 quod
746 3475 813 3556 Ipse
844 3475 1001 3556 Zekyrich
1033 3493 1097 3535 non
1130 3473 1338 3555 percussisset
1373 3492 1480 3554 neque

216 3581 435 3662 vituperasset.

320 3686 396 3747 Item
423 3705 515 3747 causa
540 3685 695 3746 Iohannis
719 3685 865 3768 pellificis
897 3700 1006 3747 contra
1032 3687 1115 3748 Rees
1145 3679 1186 3747 ad
1210 3699 1361 3748 octavum
1388 3685 1475 3747 diem

215 3792 255 3854 ad
279 3812 391 3874 pacem
417 3806 463 3853 est
487 3806 623 3874 recepta.

321 3897 400 3958 Item
426 3898 533 3959 Bartol
559 3913 589 3959 et
609 3898 772 3960 Iohannes
795 3913 906 3960 contra
924 3900 1053 3961 Petrum
1078 3899 1183 3981 prImo
1201 3899 1286 3960 citati
1311 3917 1378 3960 non
1397 3918 1484 3960 com·

216 4019 399 4085 paruerunt.

320 4110 398 4171 Item
432 4112 582 4172 Marenus
613 4126 727 4173 octavo
760 4113 811 4173 die
846 4133 941 4193 super
973 4133 1012 4175 eo
1044 4112 1172 4192 jurabit,
1203 4111 1291 4193 quod
1323 4102 1393 4193 ipse
1426 4130 1484 4194 pro

215 4230 354 4296 quatuor
378 4217 485 4296 pensis
509 4217 676 4279 Anthoni0
701 4218 868 4279 fideiussor
892 4239 956 4280 non
982 4218 1103 4283 fuisset.

323 4320 402 4382 Item
426 4322 511 4382 idem
545 4324 695 4384 lvlarenus
727 4340 841 4386 octavo
874 4326 925 4387 dle
950 4345 1045 4407 super
1070 4346 1109 4388 eo
1141 4326 1269 4407 jurabit,
1293 4325 1383 4406 quod
1416 4326 1484 4409 ipse

214 4424 342 4505 (unum)
368 4427 508 4488 mensale
534 4428 690 4490 Anthonii
714 4450 779 4490 non
804 4431 976 4495 habuisset.

326 4550 403 4612 Item
428 4550 611 4612 Anthonius
634 4552 755 4632 juratus
778 4575 873 4637 super
901 4575 940 4617 eo
964 4556 1092 4637 jurabit,
1125 4554 1213 4637 quod
1238 4555 1306 4636 ipse
1330 4574 1397 4616 non
1424 4575 1482 4637 pro

215 4655 328 4716 cariori
354 4657 461 4736 precio
486 4657 685 4738 quem(dam)
718 4661 834 4721 bovem
862 4662 984 4722 Mareni
1018 4662 1076 4723 nisi
1103 4682 1161 4744 pro
1194 4661 1322 4722 duobus
1355 4662 1484 4723 cubulis

213 4758 363 4822 frumenti
382 4762 534 4844 (emisset)
553 4778 583 4825 et
600 4764 685 4825 idem
705 4766 814 4827 Mareu
831 4767 891 4827 sibi
910 4767 1037 4828 duobus
1055 4769 1181 4830 cubulis
1204 4766 1331 4829 debitor
1354 4769 1480 4830 existat.
