3404 5362
220 334 281 448 ,³4⁶

591 441 600 447 ι.
619 440 790 447 .·--.———
806 438 1202 446 ———-—.-...——.—

220 565 326 607 ramus
362 560 391 606 et
423 559 651 628 perpetuamus
682 545 816 607 ecclesie
848 544 947 606 sancti
981 543 1106 604 Nicolai
1140 541 1332 604 confessoris
1357 541 1397 603 de
1431 543 1489 604 Za·

218 652 329 733 grabia
351 665 507 734 perpetuo
526 651 736 734 possidendas
752 649 1240 732 contradiccionequorumlibet
1256 670 1321 712 non
1340 651 1489 712 obstante

219 759 251 818 in
269 759 441 840 premissis,
470 758 607 820 lohanni
626 757 693 821 filio
714 758 875 841 Chemery
892 772 1083 840 perpetuum
1101 757 1270 819 silencium
1287 756 1488 839 inponendo.

327 865 404 926 ltem
431 864 599 927 Elizabeth
624 878 733 927 contra
758 864 923 925 dominam
960 883 1093 924 uxorem
1117 883 1167 924 ser
1191 861 1356 924 Benedicti
1381 862 1488 945 primo

220 973 353 1033 sabbato
378 986 449 1054 post
475 970 588 1032 festum
605 971 858 1053 Epiphaniarum
876 971 1000 1032 domini
1025 989 1058 1031 se
1083 969 1222 1031 secunda
1244 968 1362 1049 jurabit
1386 969 1418 1030 in
1436 988 1488 1047 eo,

218 1078 306 1159 quod
333 1079 399 1161 ipsa
425 1078 456 1139 in
481 1098 537 1139 sua
565 1077 663 1140 domo
687 1093 809 1160 septem
839 1078 978 1139 tunellas
1010 1078 1148 1139 vinarias
1172 1077 1330 1139 dimiserit
1353 1076 1487 1159 quando

218 1185 256 1244 de
281 1204 337 1246 sua
362 1184 461 1245 domo
486 1185 525 1245 ad
552 1185 702 1246 maritum
721 1185 829 1246 ivisset
853 1200 883 1245 et
901 1184 1024 1245 nullam
1049 1203 1086 1245 ex
1112 1183 1188 1265 ipsis
1212 1181 1410 1245 vendidisset
1427 1203 1486 1245 nec

218 1292 310 1354 aliter
335 1291 471 1354 lecisset.

323 1398 401 1460 ltem
427 1397 611 1459 Anthonius
635 1398 736 1458 Reniz
768 1397 900 1459 domine
927 1395 1094 1458 Elizabeth
1126 1396 1267 1457 consorti
1293 1396 1421 1459 Nicolai
1447 1397 1486 1458 de

222 1504 381 1585 Nezpessa
407 1505 437 1564 in
463 1504 636 1584 quindenis
661 1523 777 1565 novem
803 1503 872 1565 llor.
897 1503 1079 1585 persolvere
1104 1502 1208 1581 debet,
1233 1522 1315 1584 quos
1339 1504 1401 1565 sibi
1427 1524 1485 1587 pro

220 1610 366 1672 emendis
399 1610 502 1692 peplis
534 1609 565 1671 in
599 1623 704 1671 nostre
736 1610 873 1672 civitatis
904 1609 1140 1671 habitacionem
1173 1608 1332 1686 dedisset;
1356 1625 1485 1692 peracta

217 1730 324 1777 autem
342 1716 507 1777 solucione
525 1716 741 1797 predictorum
774 1736 891 1777 novem
917 1716 997 1794 flos,
1029 1714 1207 1796 quemlibet
1232 1714 1392 1777 florenum
1409 1735 1484 1778 cum

216 1822 317 1884 tribus
342 1823 448 1903 pensis
472 1837 502 1883 ct
527 1823 638 1904 viginti
664 1822 802 1883 denariis
826 1823 1056 1904 computando,
1081 1821 1195 1882 eadem
1219 1820 1351 1882 domina
1378 1821 1485 1882 Eliza·

217 1929 290 1990 beth
314 1928 431 2009 jurabit
456 1928 555 2006 ineo,
580 1929 667 2009 quod
687 1929 754 2010 ipsa
779 1928 939 2010 predictos
957 1947 1074 1989 novem
1094 1928 1165 1990 flor.
1183 1927 1289 1989 eidem
1314 1928 1485 1989 Anthonio

215 2034 355 2095 dedisset
379 2035 411 2095 in
436 2035 520 2096 hunc
544 2033 651 2113 linem,
683 2049 717 2096 ut
741 2035 801 2095 sibi
833 2036 966 2117 peplum
1000 2034 1051 2095 hic
1077 2034 1232 2114 Zagrabie
1258 2047 1288 2095 et
1312 2053 1377 2095 non
1404 2035 1484 2095 alias

218 2155 416 2223 compararet
441 2160 499 2222 pro
525 2140 655 2204 eisdem.

323 2247 399 2308 ltem
425 2267 518 2308 causa
543 2245 698 2307 Anthonii
717 2247 819 2307 Reniz
845 2260 875 2308 et
901 2245 1018 2329 Gyuan
1043 2261 1089 2308 est
1105 2267 1162 2329 per
1186 2247 1338 2328 antiquos
1362 2246 1487 2327 judices

216 2353 255 2413 ad
280 2368 353 2415 octo
378 2354 447 2415 dies
471 2368 652 2435 prorogata,
677 2367 712 2415 ut
735 2354 760 2414 si
786 2353 894 2414 medio
927 2369 1072 2435 tempore
1097 2355 1293 2415 concordare
1329 2355 1486 2436 poterint,

217 2459 298 2520 bene
323 2459 467 2541 quidem,
491 2460 636 2540 alioquin
661 2459 818 2539 justiciam
843 2457 996 2520 iaciemus
1020 2461 1101 2521 inter
1125 2474 1240 2541 partes.

287 2675 383 2750 Feria
412 2687 510 2749 sexta
539 2682 694 2767 proxima
723 2687 799 2768 post
827 2680 951 2750 festum
980 2678 1240 2768 epiphaniarum
1268 2680 1404 2752 domiai.

323 2867 430 2926 Primo
456 2865 645 2927 Valentinus
662 2865 816 2927 Malinich
834 2881 943 2927 contra
962 2865 1068 2928 Mathe
1094 2865 1228 2947 figulum
1245 2868 1351 2950 primo
1366 2869 1487 2931 citatus

215 2993 278 3033 non
305 2973 495 3054 comparuit.

322 3079 398 3140 ltem
429 3078 507 3139 Pasa
531 3092 641 3139 contra
666 3077 829 3140 Geninum
863 3077 1002 3159 juratum
1027 3081 1132 3162 primo
1165 3080 1279 3141 citatus
1303 3099 1368 3141 non
1396 3100 1484 3143 com-

217 3185 330 3265 paruit.

320 3291 398 3352 ltem
424 3311 517 3352 causa
551 3292 699 3373 Ztoyuulr
733 3305 763 3353 et
796 3291 950 3353 lobannis
982 3307 1028 3354 est
1059 3312 1115 3373 per
1139 3292 1261 3373 iudices
1290 3307 1363 3375 post
1387 3314 1484 3356 suum

215 3397 388 3458 adventum
414 3398 453 3458 ad
479 3397 618 3478 primum
643 3397 797 3477 judicium
818 3412 999 3479 prorogata.

321 3503 398 3565 ltem
425 3505 500 3565 luan
527 3504 690 3565 Huzareni
717 3519 825 3566 contra
851 3505 1022 3566 Nicolaum
1055 3503 1158 3567 lilium
1183 3505 1309 3568 Nicolai
1334 3506 1482 3568 secundo

214 3611 329 3672 citatus
353 3631 418 3673 non
442 3611 633 3693 comparuit.

320 3716 397 3778 ltem
434 3716 597 3778 lohannes
632 3718 709 3799 vigil
746 3732 855 3779 contra
894 3717 1086 3801 Mosnarych
1119 3718 1223 3800 primo
1264 3719 1378 3781 citatus
1414 3720 1482 3781 non

214 3825 405 3907 comparuit.

320 3930 397 3991 ltem
423 3930 540 3991 Paulus
558 3929 715 4012 Chaplich
733 3945 842 3993 contra
861 3930 999 4014 Mykech
1017 3930 1119 3993 filium
1137 3931 1267 3994 Martini
1285 3929 1364 3993 feria
1381 3933 1482 3995 tercia

215 4056 300 4097 nunc
318 4049 450 4098 ventura
475 4057 531 4119 per
549 4036 751 4099 Clementem
774 4052 805 4099 et
823 4039 898 4099 luan
917 4039 1064 4099 atestabit
1081 4058 1175 4121 super
1192 4058 1241 4118 eo,
1266 4037 1355 4119 quod
1373 4038 1480 4120 ipsum

213 4142 244 4202 in
270 4141 340 4203 loro
366 4143 501 4225 turpiter
530 4145 734 4207 verberasset.

318 4249 396 4311 ltem
422 4250 539 4311 Paulus
563 4265 672 4311 contra
697 4250 865 4312 Nicolaum
891 4251 1033 4312 secundo
1058 4251 1170 4313 citatus
1194 4271 1259 4312 non
1285 4252 1478 4330 comparuit.

321 4355 399 4417 ltem
423 4355 582 4438 Georgius
607 4370 715 4418 contra
733 4356 912 4418 lohannem
930 4357 1034 4439 primo
1059 4358 1172 4420 citatus
1196 4377 1260 4419 non
1286 4359 1479 4439 comparuit.

321 4463 398 4524 ltem
423 4483 516 4524 causa
541 4463 714 4524 Alexandri
740 4477 771 4525 et
796 4463 931 4524 Mathias
956 4477 1002 4525 est
1027 4483 1082 4545 per
1108 4465 1274 4525 Marenum
1299 4478 1329 4524 et
1353 4463 1479 4526 Antho-

213 4570 302 4631 nium
328 4570 430 4631 Reniz
454 4569 494 4631 ad
520 4569 632 4631 leriam
657 4570 786 4632 terciam
820 4589 905 4631 nunc
935 4585 1103 4631 venturam
1128 4583 1254 4653 recepta
1287 4569 1326 4631 ad
1353 4589 1478 4651 pacem.

319 4677 396 4738 Item
422 4678 572 4765 magister
605 4676 763 4738 Janchech
796 4675 956 4738 aurifaber
988 4676 1122 4738 domino
1154 4677 1261 4738 Blasio
1286 4676 1412 4739 custodi
1444 4677 1477 4739 in

212 4784 386 4864 quindenis
410 4783 521 4846 decem
546 4782 615 4844 flor.
639 4784 707 4844 auri
733 4782 913 4865 persolvere
938 4782 1043 4846 debet.
