3404 5362
576 326 777 406 Ann01384.
804 363 842 373 -
868 326 917 389 16.
942 326 1106 389 decembris.

319 542 397 604 ltem
423 563 515 604 causa
534 541 709 624 Mychaelis
726 555 835 603 contra
854 539 1033 623 Georgium
1053 540 1293 603 stachunarium
1312 540 1352 602 ad
1369 561 1475 623 pacem

213 649 253 711 ad
279 662 427 710 octavum
453 648 538 709 diem
564 661 610 710 est
633 659 815 729 prorogata.

320 754 397 815 ltem
423 753 607 815 Anthonius
631 753 761 834 jobagio
785 768 892 816 noster
923 752 963 814 de
987 753 1169 837 Cralyeuch
1194 767 1305 815 contra
1330 753 1476 837 Mychae-

213 860 277 921 lem
302 860 342 922 de
366 860 519 922 Vrnouch
544 858 738 921 duodecimo
763 879 796 920 se
829 859 1016 921 hominibus
1039 861 1251 943 prescriptum
1277 880 1374 923 suum
1399 860 1476 941 jura-

212 980 357 1028 mentum
382 966 600 1048 deposuerunt
623 979 657 1026 ut
682 966 851 1041 debebant,
876 965 949 1027 ideo
974 978 1048 1027 sunt
1072 965 1222 1047 expediti.

321 1073 399 1134 Item
425 1072 586 1155 Hanykyn
612 1071 750 1153 lapicida
774 1084 888 1133 octavo
913 1069 975 1134 die.

322 1178 400 1240 Item
427 1179 565 1240 lacobus
596 1177 733 1260 lapicida
765 1188 880 1238 octavo
912 1175 964 1238 die
988 1197 1084 1260 super
1108 1197 1147 1240 eo
1180 1177 1297 1258 jurabit
1320 1198 1422 1261 penes
1443 1179 1477 1241 li-

213 1298 306 1363 teras,
331 1285 420 1367 quod
445 1285 511 1367 ipse
535 1305 552 1345 a
577 1283 667 1345 nullo
692 1283 806 1365 viginti
831 1295 969 1364 quatuor
994 1282 1062 1346 flor.
1086 1285 1154 1346 auri
1178 1284 1338 1347 habuerit.

320 1410 398 1471 ltem
422 1409 603 1489 Stephanus
636 1408 701 1470 Res
732 1422 847 1470 octavo
878 1407 930 1469 die
955 1407 1095 1491 (jurabit)
1128 1429 1224 1491 super
1248 1430 1299 1489 eo,
1324 1425 1477 1492 quantum

215 1515 389 1577 duodecim
421 1515 528 1576 eubuli
562 1515 627 1575 vini
661 1515 799 1593 valeant,
828 1528 858 1576 et
889 1515 929 1576 de
954 1515 1074 1576 eisdem
1108 1516 1344 1598 quinquaginta
1375 1517 1478 1578 minus

215 1619 344 1683 duobus
367 1619 529 1702 (denariis)
555 1619 737 1682 defalcabit.

373 1854 468 1929 Feria
499 1867 597 1929 sexta
625 1860 779 1946 proxima
808 1865 885 1946 post
908 1857 1031 1929 festum
1065 1869 1181 1931 sancte
1209 1860 1318 1933 lucie.

715 2023 781 2106 (16.
805 2026 981 2107 decembris).

322 2188 399 2250 ltem
425 2187 570 2269 Philipus
594 2186 778 2268 lucifigulus
801 2202 911 2250 contra
929 2188 1100 2250 Nicolaum
1122 2189 1284 2250 literatum
1310 2191 1417 2271 primo
1439 2190 1478 2252 ci·

216 2308 300 2357 tatus
324 2313 390 2356 non
414 2293 603 2375 comparuit.

323 2400 400 2461 ltem
424 2399 563 2461 lacobus
595 2397 726 2480 pellifex
761 2412 869 2461 contra
902 2413 1083 2461 consortem
1110 2399 1196 2482 Span
1230 2401 1338 2483 primo
1370 2402 1479 2463 citatus

215 2526 280 2567 non
306 2505 496 2587 comparuit.

324 2612 400 2671 ltem
419 2610 556 2672 Cosmas
580 2609 739 2672 aurifaber
763 2624 794 2671 et
816 2629 925 2671 socrus
945 2631 1000 2673 sua
1026 2627 1135 2674 contra
1159 2613 1264 2675 Euam
1288 2610 1391 2676 filiam
1416 2615 1479 2676 Ma-

217 2717 284 2779 reni
310 2716 415 2798 primo
440 2717 525 2777 citati
552 2736 616 2777 non
641 2730 898 2798 comparuerunt.

325 2840 402 2900 ltem
428 2840 509 2901 Vatn
534 2841 693 2920 tegulator
718 2861 819 2923 usque
852 2842 1032 2923 quindenas
1055 2842 1165 2926 Hanyl
1197 2845 1320 2907 Jacobo
1346 2845 1481 2929 lapicide

215 2946 330 3026 viginti
355 2960 493 3026 quatuor
517 2946 585 3008 flor.
611 2948 679 3008 auri
705 2947 827 3010 solvere
853 2947 957 3012 debet.

327 3055 404 3115 ltem
430 3053 592 3116 lohannes
617 3054 746 3137 pellifex
778 3069 887 3117 contra
919 3056 984 3138 Syb
1010 3057 1117 3119 Endre
1141 3057 1246 3140 primo
1279 3059 1394 3122 citatus
1418 3080 1481 3122 non

217 3160 407 3241 comparuit.

322 3265 398 3326 ltem
424 3286 517 3327 causa
543 3267 692 3348 Gregorii
721 3266 873 3329 aurifabri
907 3282 1015 3330 contra
1041 3268 1224 3331 lohannem
1248 3271 1419 3356 Ptaudych
1444 3274 1482 3336 ad

216 3387 365 3433 octavum
390 3372 474 3433 diem
500 3372 540 3432 ad
564 3393 676 3454 pacem
701 3389 747 3435 est
771 3388 909 3455 recepta.

322 3477 399 3538 ltem
425 3477 587 3540 lohannes
611 3500 712 3561 nepos
729 3480 882 3543 Custodis
906 3494 1016 3542 contra
1034 3481 1183 3565 Peterlyn
1207 3486 1352 3547 secundo
1369 3486 1483 3550 citatus

217 3601 283 3643 non
310 3584 498 3664 comparuit.

323 3689 399 3749 ltem
433 3689 550 3750 Paulus
574 3704 662 3752 sutor
678 3706 792 3753 octavo
809 3691 861 3753 die
878 3711 934 3774 per
950 3692 1162 3755 Benedictum
1178 3707 1322 3756 sutorem
1346 3709 1378 3759 et
1394 3697 1479 3760 lwan

216 3795 363 3856 similiter
383 3808 523 3856 sutorem
550 3796 610 3858 hoc
628 3798 783 3874 atestabit,
801 3798 888 3879 quod
906 3798 1012 3880 ipsum
1029 3799 1191 3860 lohannes
1206 3813 1295 3863 sutor
1311 3803 1372 3864 sub
1398 3823 1480 3885 pena

218 3901 329 3963 decem
355 3922 532 3963 marcarum
554 3904 744 3985 percusserit
760 3917 791 3965 et
807 3905 976 3987 capucium
1000 3925 1092 3967 suum
1112 3907 1289 3986 extraxerit.

325 4026 402 4087 ltem
427 4046 519 4087 causa
544 4027 695 4109 Philippi,
714 4028 804 4089 Pauli
829 4044 859 4089 et
876 4029 1030 4090 lobannis
1054 4029 1240 4092 carnificum
1263 4030 1304 4092 ad
1329 4046 1480 4096 octavum

219 4130 304 4193 diem
330 4130 368 4191 ad
392 4151 502 4211 pacem
529 4147 575 4194 est
599 4147 734 4215 recepta.

323 4236 401 4297 ltem
428 4238 561 4320 Mykech
599 4253 688 4300 sutor
721 4253 829 4301 contra
855 4239 1046 4302 Michaelem
1078 4239 1205 4303 fabrum
1237 4241 1344 4324 primo
1369 4244 1482 4308 citatus

217 4361 282 4402 non
307 4343 497 4424 comparuit.

323 4447 400 4507 ltem
425 4468 518 4510 causa
552 4449 678 4510 Lucasii
713 4450 828 4511 medici
861 4465 970 4513 contra
1003 4452 1093 4514 l·lans
1120 4454 1227 4537 Scoph
1259 4453 1300 4519 ad
1332 4469 1482 4519 octavum

217 4551 303 4613 diem
329 4552 369 4612 ad
393 4573 505 4634 pacem
531 4569 576 4616 est
605 4569 740 4638 recepta.

323 4658 400 4720 ltem
437 4680 528 4721 causa
564 4661 665 4723 Vicko
701 4677 810 4724 contra
847 4663 1029 4745 Scoryanch
1063 4665 1103 4726 ad
1141 4678 1289 4729 octavum
1324 4666 1483 4732 diemtad

217 4783 327 4845 pacem
354 4781 399 4827 est
423 4781 559 4848 recepta.
