3404 5362
530 346 616 403 Anno
637 340 730 423 1384.
758 379 797 388 -
821 360 852 424 4.
876 347 1044 407 novembris.
1363 366 1423 429 223

262 554 340 617 ltem
370 555 534 617 Johannes
569 555 724 617 Hermani
758 571 869 619 contra
901 557 1009 640 Hamp
1041 557 1182 619 secundo
1215 558 1329 620 citatus
1361 579 1426 622 non

184 662 348 744 amparuit.

264 768 343 831 Item
368 790 463 832 causa
487 770 645 853 piliatoris
669 787 780 834 contra
803 769 1016 852 gladiatorem
1033 771 1072 833 ad
1099 784 1249 834 octavum
1274 773 1360 835 diem
1379 787 1426 835 est

184 890 339 957 rorogata.

263 982 340 1044 ltem
376 983 558 1044 Hermanus
582 982 672 1046 faber
696 998 805 1047 contra
838 983 1020 1066 piliatorem
1052 986 1195 1048 secundo
1221 986 1336 1048 citatus
1360 1006 1425 1049 non

184 1090 348 1173 ›mparuit

264 1215 343 1277 ltem
361 1213 524 1277 lohannes
549 1214 666 1296 figulus
682 1229 792 1276 contra
811 1216 954 1277 Marcum
979 1216 1084 1299 primo
1108 1216 1222 1278 citatus
1245 1234 1310 1277 uon
1338 1235 1410 1278 com

184 1322 270 1384 aruit.

262 1429 341 1490 Item
367 1428 504 1490 Mathias
528 1429 666 1491 condam
698 1428 819 1510 juratus
851 1442 960 1492 contra
994 1429 1175 1491 Johannem
1208 1429 1350 1492 secundo
1384 1430 1426 1492 ci-

185 1547 237 1597 tus
261 1554 327 1597 non
353 1536 543 1617 comparuit.

262 1660 339 1721 ltem
365 1659 527 1742 Georgius
550 1660 768 1742 carpentarius
792 1673 901 1722 contra
920 1660 1073 1744 Gyuragh
1090 1660 1195 1743 primo
1220 1661 1334 1723 citatus
1357 1679 1422 1722 non

184 1767 347 1850 imparuit.

261 1891 340 1952 ltem
376 1890 548 1973 Hlebopek
584 1890 670 1952 lwan
703 1905 812 1954 contra
848 1890 1027 1972 Georgium
1063 1891 1168 1973 primo
1203 1890 1317 1951 citatus
1358 1908 1423 1951 non

184 1996 346 2078 amparuit.

260 2103 339 2166 Item
363 2102 513 2186 Bedycha
539 2117 647 2165 contra
668 2104 870 2186 Lipouschak
888 2104 993 2185 primo
1017 2103 1131 2165 citatus
1149 2122 1213 2165 non
1231 2103 1424 2187 comparuit.

262 2229 339 2291 ltem
373 2247 467 2290 causa
500 2228 656 2289 lobannis
688 2227 956 2289 molendinatoris
987 2240 1096 2289 contra
1129 2227 1272 2290 Blasium
1297 2228 1337 2289 ad
1369 2247 1421 2289 oc-

184 2354 264 2395 .vum
290 2334 376 2395 diem
401 2334 440 2395 ad
466 2353 576 2414 pacem
603 2347 650 2395 est
674 2347 811 2416 recepta.

259 2441 338 2502 ltem
362 2441 511 2502 Vrbanus
543 2454 651 2501 contra
677 2440 841 2502 Thomam
866 2441 971 2522 primo
1004 2440 1117 2502 citatus
1141 2459 1205 2501 non
1231 2441 1421 2523 comparuit.

259 2565 336 2626 Item
369 2565 532 2626 Johannes
563 2579 673 2627 contra
707 2564 869 2647 Philipum
902 2563 1038 2645 figulum
1069 2563 1175 2645 primo
1209 2565 1323 2627 citatus
1355 2585 1421 2628 non

184 2672 344 2754 mmmm

259 2778 339 2839 ltem
367 2798 461 2839 causa
494 2778 618 2839 Mareni
651 2792 761 2839 contra
796 2777 982 2860 Gyaninum
1007 2779 1048 2839 ad
1080 2792 1230 2841 octavum
1263 2780 1351 2842 diem
1375 2794 1422 2843 est

184 2899 336 2966 rorogata.

259 2989 338 3052 ltem
363 2991 490 3052 Malech
516 3006 624 3052 contra
647 2992 804 3052 Jacobum
829 3005 942 3053 octavo
968 2991 1019 3053 die
1045 2990 1262 3072 respondebit.

261 3098 339 3159 ltem
372 3117 465 3159 causa
499 3097 622 3159 Malech
656 3111 766 3159 contra
799 3096 976 3178 Georgium
1009 3097 1050 3158 ad
1082 3110 1231 3158 octavum
1265 3096 1351 3157 diem
1376 3111 1423 3158 est

184 3219 335 3285 erogata.

261 3328 337 3388 ltem
364 3326 509 3388 Thomas
535 3325 619 3388 filius
644 3326 768 3388 Nicolai
795 3341 908 3388 octavo
932 3327 984 3388 die
1008 3327 1122 3406 viginti
1148 3326 1292 3407 quinque
1318 3325 1421 3387 homi·

189 3435 247 3495 bus
271 3434 331 3495 sibi
356 3434 516 3494 similibus
540 3453 635 3515 super
660 3453 699 3494 eo
731 3432 859 3513 jurabit,
885 3432 973 3514 quod
1007 3433 1074 3515 ipse
1099 3432 1131 3493 in
1166 3431 1421 3514 interempcione

186 3540 302 3621 regorii
328 3538 384 3600 filii
411 3540 535 3601 Nicolai
566 3540 719 3601 innocens
744 3551 835 3601 esset.

259 3665 337 3726 ltem
363 3664 509 3725 Thomas
533 3663 617 3725 filius
643 3664 781 3725 Ladislai
804 3663 842 3724 de
860 3664 1042 3725 Rakounulr
1068 3677 1182 3725 octavo
1206 3663 1257 3723 die
1280 3675 1370 3724 sexto
1388 3682 1420 3723 se

184 3791 247 3853 iper
270 3791 309 3832 eo
335 3771 462 3852 jurabit,
488 3771 575 3852 quod
601 3771 655 3831 ille
679 3770 817 3850 gladius,
842 3789 940 3850 quem
965 3771 1004 3830 ab
1030 3790 1068 3831 eo
1093 3770 1239 3831 Thomas
1264 3768 1348 3830 filius
1365 3769 1420 3830 Ni-

184 3877 234 3939 tlai
260 3878 495 3959 recaptivasset,
520 3896 595 3938 suus
620 3875 731 3939 iuerat.

259 4003 337 4064 ltem
363 4002 448 4062 idem
475 4001 621 4062 Thomas
651 3999 735 4062 filius
760 4000 899 4062 Ladislai
933 4015 1046 4062 octavo
1072 4000 1123 4061 die
1156 4013 1244 4061 sexto
1269 4018 1302 4059 se
1326 4017 1421 4075 super

184 4134 188 4167 ι
213 4109 342 4190 jurabit,
359 4108 446 4189 quod
466 4109 532 4190 ipse
551 4107 678 4168 racione
696 4107 862 4168 cuiusdam
887 4107 981 4189 spolii
1000 4121 1109 4168 contra
1127 4106 1291 4167 Thomam
1317 4102 1419 4165 filium

184 4216 277 4278 icolai
304 4215 458 4276 innocens
482 4229 573 4274 esset.

259 4337 336 4399 ltem
366 4338 512 4399 Thomas
537 4336 621 4398 filius
646 4338 748 4398 Kursa
774 4350 888 4399 octavo
913 4337 965 4399 die
997 4336 1109 4418 viginti
1136 4335 1279 4417 quinque
1305 4354 1337 4396 se
1362 4333 1419 4396 ho·

187 4445 295 4506 inibus
318 4445 377 4505 sihi
403 4444 562 4505 similibus
580 4463 675 4525 super
699 4463 737 4505 eo
754 4442 882 4522 jurabit,
907 4442 995 4523 quod
1013 4443 1080 4524 ipse
1098 4442 1130 4503 iu
1155 4440 1297 4522 quodam
1314 4439 1419 4523 spolio

184 4551 336 4614 trocinali
369 4566 478 4612 contra
504 4549 642 4611 chhek
675 4549 856 4610 carnificem
891 4550 1045 4611 innocens
1070 4550 1127 4625 sit;
1162 4548 1223 4609 hoc
1247 4546 1419 4625 declarato,

184 4660 242 4720 rod
269 4659 294 4720 si
320 4659 387 4739 ipse
413 4657 559 4719 Thomas
583 4657 621 4715 de
640 4671 746 4716 cetero
771 4656 802 4717 in
828 4656 925 4717 simili
945 4654 1028 4718 iacto
1046 4669 1190 4739 repertus
1215 4653 1320 4730 fuerit,
1343 4667 1419 4714 tunc

184 4765 303 4848 aspendi
329 4765 454 4827 debeat.
