3404 5362
522 390 716 469 Ann01387.
743 428 782 436 -
807 409 858 452 22.
883 397 1010 456 octobris.
1344 417 1406 480 277

242 600 324 663 Item
343 603 496 665 Herticus
513 603 643 687 pellifex
662 620 772 667 contra
783 606 869 688 Span
887 606 991 688 primo
1009 607 1122 668 citatus
1136 627 1200 669 non
1217 610 1405 690 comparuit.

243 709 326 771 Item
344 709 481 772 Mathias
505 711 732 793 stipendiarius
756 725 866 773 contra
890 713 1047 796 Petrekyn
1073 714 1178 794 primo
1204 715 1315 776 citatus
1340 735 1405 776 non

186 816 328 898 aparuit.

240 923 324 986 Item
349 922 477 986 Mikech
502 925 742 986 molendinator
766 940 876 987 contra
908 925 1078 987 dominum
1105 927 1231 988 Petrum
1257 928 1404 991 terciario

187 1044 249 1093 tus
275 1049 341 1092 non
366 1031 555 1114 comparuit.

241 1138 322 1199 Item
357 1136 526 1221 Philippus
557 1137 642 1200 filius
673 1139 790 1201 medici
825 1155 934 1201 contra
966 1141 1103 1203 Mathias
1127 1155 1241 1204 octavo
1273 1141 1325 1203 die
1357 1161 1404 1205 re-

186 1244 318 1308 ndebit.

237 1352 320 1413 Item
346 1351 402 1413 Sib
428 1351 557 1413 Endree
582 1366 690 1414 contra
724 1354 912 1434 magistrum
938 1354 1073 1416 Paulum
1105 1355 1266 1417 literatum
1299 1357 1403 1438 primo

186 1472 248 1521 tus
277 1478 343 1519 non
368 1458 558 1541 comparuit.

240 1566 323 1627 Item
340 1585 434 1627 causa
459 1565 591 1649 Mathey
608 1565 763 1647 lucifiguli
781 1582 890 1629 contra
908 1567 1087 1629 Iohannem
1106 1568 1144 1628 ad
1173 1583 1245 1630 octo
1271 1569 1339 1631 dies
1362 1569 1403 1631 ad

186 1691 248 1736 em
275 1684 321 1734 est
344 1685 482 1753 recepta.

241 1780 322 1842 Item
348 1798 441 1840 causa
467 1792 575 1840 contra
601 1778 766 1841 dominam
789 1779 932 1841 relictam
958 1778 1099 1840 Rafaelis
1122 1780 1162 1841 ad
1190 1781 1331 1861 primum
1354 1781 1402 1862 ju-

189 1905 255 1950 um
289 1899 336 1948 est
367 1898 539 1967 prorogata
563 1904 601 1947 eo
635 1886 752 1964 modo,
777 1886 865 1968 quod
895 1886 988 1947 ambe
1021 1902 1125 1967 partes
1156 1886 1223 1967 jura
1258 1888 1401 1969 ipsorum

186 2009 242 2056 tra
270 2012 338 2056 sese
356 1992 506 2054 exhibere
532 1993 660 2055 debent.

239 2099 321 2160 Item
345 2118 439 2160 causa
472 2098 626 2160 Iohannis
660 2098 820 2160 Horuatin
853 2114 960 2160 contra
994 2099 1165 2161 Nicolaum
1193 2099 1296 2161 filium
1322 2099 1401 2162 Ger·

186 2227 240 2290 ;ay
267 2203 346 2266 feria
370 2219 457 2267 sexta
482 2221 553 2287 post
577 2204 693 2267 festum
718 2206 803 2267 beati
827 2204 1001 2287 Mychaelis
1025 2205 1208 2287 archangeli
1234 2226 1335 2288 usque
1360 2206 1400 2267 ad

186 2334 200 2376 >
227 2311 300 2373 dies
324 2324 373 2373 est
396 2327 576 2393 prorogata.

237 2418 319 2480 Item
349 2418 512 2480 Iohannes
536 2419 672 2480 condam
706 2418 800 2498 judex
833 2433 863 2480 et
887 2418 1049 2480 Iohannes
1082 2439 1198 2500 parvus
1222 2439 1258 2481 ac
1283 2418 1399 2502 Gyuan

186 2528 280 2590 ¹licus
313 2525 525 2608 quadraginta
557 2526 701 2606 quidque
734 2525 802 2587 flor.
835 2526 902 2587 auri
936 2546 1036 2607 usque
1071 2526 1251 2606 quindenas
1274 2526 1400 2589 solvere

190 2646 252 2696 ent
289 2632 369 2694 Kele
406 2632 516 2713 nepoti
552 2632 680 2693 Andree
717 2632 862 2713 Hungari
896 2647 926 2693 et
958 2633 1019 2694 alia
1055 2653 1116 2714 que
1143 2634 1173 2693 in
1207 2647 1399 2697 testamento

187 2742 338 2803 tinentur
363 2738 513 2800 videlicet
537 2739 674 2819 quilibet
710 2739 852 2821 ipsorum
877 2739 1007 2800 terciam
1040 2753 1180 2821 partam;
1206 2739 1264 2820 ipsi
1290 2753 1397 2802 autem

186 2866 266 2929 tque
293 2845 456 2907 Iohannes
480 2845 598 2906 dictam
631 2865 759 2907 causam
784 2846 824 2907 ad
857 2847 1007 2928 antiquos
1039 2845 1160 2925 judices
1185 2848 1397 2928 appellarunt.

236 2952 317 3013 Item
343 2951 618 3033 quemadmodum
646 2952 849 3014 medietatem
875 2952 1042 3013 cuiusdam
1072 2953 1198 3032 domus,
1223 2973 1285 3035 que
1310 2955 1398 3037 olym

186 3061 228 3122 .·ci
263 3058 320 3120 filii
353 3058 508 3120 Putanich
545 3057 723 3138 prefuisset,
748 3059 925 3120 kolendino
961 3058 1146 3120 carnificum
1179 3080 1214 3121 ac
1246 3058 1398 3122 fratribus

186 3165 258 3229 astri
283 3165 382 3226 sancti
408 3165 566 3226 Francisci
586 3163 777 3226 confessoris
802 3166 905 3247 prImo
928 3164 1203 3245 adjudicaverunt,
1227 3167 1272 3229 sic
1296 3167 1396 3229 rnodo

186 3274 410 3338 firmaverunt.

235 3380 317 3442 Item
341 3379 572 3441 Stachunarich
598 3395 707 3441 contra
733 3378 926 3460 Gregorium
959 3380 1158 3440 aurifabrum
1181 3380 1328 3442 terciario
1354 3381 1396 3442 ci-

186 3510 211 3551 ts
237 3505 305 3548 non
329 3487 518 3568 comparuit.

237 3593 317 3656 Item
343 3592 431 3675 quod
457 3593 531 3674 quia
558 3592 734 3674 Gregorius
758 3607 789 3655 et
819 3593 973 3654 Nicolaus
1005 3595 1141 3656 condam
1168 3596 1330 3657 castellani
1356 3596 1395 3658 de

186 3701 212 3764 al
239 3699 303 3779 jam
327 3699 474 3761 terciario
499 3714 608 3761 contra
634 3699 763 3760 Petrum
789 3699 918 3760 fratrem
946 3700 1084 3761 condam
1110 3701 1257 3782 Gregorii
1283 3702 1323 3763 ad
1348 3701 1395 3781 ju·

191 3825 249 3868 um
268 3824 333 3866 non
352 3819 611 3886 comparuerunt,
637 3805 709 3866 ideo
734 3806 881 3866 universa
899 3807 983 3867 bona
1008 3827 1070 3888 que
1095 3808 1226 3889 reperiri
1251 3823 1394 3890 possunt,

186 3913 307 3996 :ipsius
325 3911 473 3992 Gregorii
491 3911 692 3993 prefuissent,
711 3912 816 3973 eidem
834 3913 927 3973 Petro
946 3912 1031 3974 fratri
1050 3934 1108 3975 suo
1126 3915 1392 3991 adjudicavimus.

187 4154 243 4226 ria
272 4153 378 4222 tercia
406 4153 560 4240 proxima
590 4158 665 4239 post
693 4152 817 4222 festum
846 4150 1002 4222 Undecim
1031 4153 1174 4224 millium
1201 4157 1379 4242 virginum.

640 4303 705 4383 (22.
730 4307 874 4380 octobris).

234 4445 312 4507 Item
337 4466 430 4507 causa
455 4446 601 4526 Magiche
627 4447 770 4508 mulieris
794 4461 903 4509 contra
935 4447 1118 4529 Philippum
1144 4446 1246 4509 filium
1273 4448 1391 4510 medici

189 4572 230 4614 ue
256 4553 294 4614 ad
321 4568 393 4614 octo
419 4553 487 4614 dies
511 4554 550 4614 ad
576 4573 687 4635 pacem
713 4570 759 4615 est
787 4568 924 4635 recepta.

233 4659 309 4722 Item
336 4661 446 4721 Petrus
471 4660 610 4722 carnifex
635 4676 744 4723 contra
770 4662 854 4743 Span
889 4675 1003 4723 octavo
1028 4663 1079 4724 die
1105 4663 1322 4745 respondebit.

232 4765 310 4829 Item
328 4766 463 4829 Mathias
491 4767 717 4849 stipendiarius
742 4783 851 4829 contra
881 4768 1027 4850 Peterlyn
1060 4770 1251 4831 secundario
1275 4770 1390 4832 citatus

186 4891 194 4933 ι
218 4874 406 4955 comparuit.
