3404 5362
219 311 279 371 rob

320 524 398 585 ltem
424 524 502 585 luan
526 540 636 586 contra
660 522 840 604 Georgium
864 525 971 605 primo
994 525 1111 585 citatus
1134 543 1201 585 non
1225 523 1423 606 comparuit.

320 629 398 691 ltcm
422 651 517 692 causa
548 631 674 692 Nicolai
703 645 735 692 ct
766 629 900 711 Georgii
922 631 1121 712 piscatorum
1151 644 1200 691 est
1221 650 1281 713 per
1305 630 1489 692 lwaninum

213 735 254 795 ad
277 751 351 798 octo
375 736 444 797 dies
467 752 593 819 recepta
616 738 658 798 ad
682 756 806 818 pacem.

319 843 397 904 ltcm
422 844 566 904 francha
590 843 676 904 tilius
699 843 825 904 Nicolai
849 858 962 905 contra
984 844 1158 905 Nicolaum
1179 845 1320 906 condam
1344 844 1490 925 judicem

212 963 328 1010 octavo
351 949 404 1010 die
429 949 645 1031 respondebit.

319 1055 398 1116 ltem
416 1057 573 1117 blartinus
595 1072 706 1117 contra
723 1056 861 1117 Paulum
885 1057 992 1138 primo
1015 1056 1131 1117 citams
1153 1076 1221 1118 non
1245 1058 1443 1139 comparuit.

322 1161 399 1221 ltem
425 1161 588 1223 lohannes
619 1178 651 1224 et
682 1161 838 1224 Crisanus
867 1177 979 1223 contra
1012 1163 1216 1244 llychaelem
1240 1161 1346 1225 Ortofi
1381 1164 1491 1246 primo

214 1267 301 1328 citati
327 1287 391 1329 non
412 1284 672 1349 comparuerunt.

322 1373 400 1434 ltem
425 1374 492 1456 Syb
515 1390 625 1436 contra
649 1375 868 1436 Alexandrum
889 1376 996 1456 primo
1018 1375 1136 1436 citatus
1159 1394 1225 1435 non
1249 1376 1443 1457 comparuit.

320 1479 398 1541 ltem
431 1480 498 1563 Syb
521 1496 633 1542 contra
656 1480 807 1543 Chuethk
835 1498 867 1543 et
891 1482 1081 1563 fabianum
1113 1481 1277 1543 literatum
1300 1483 1409 1564 primo
1444 1483 1490 1543 ci-

213 1598 299 1646 tatus
323 1605 389 1646 non
414 1588 605 1668 comparuit.

319 1693 397 1755 ltem
423 1694 490 1777 Syb
513 1710 624 1756 contra
649 1694 835 1755 ladislaum
863 1693 1004 1765 iuratum
1034 1696 1142 1777 primo
1165 1696 1282 1757 citatus
1305 1715 1372 1757 non
1397 1714 1490 1757 com·

213 1801 329 1880 paruit.

320 1906 399 1967 ltem
423 1908 556 1969 domina
579 1914 707 1990 ¹&gaesa
723 1908 832 1969 relicta
855 1907 995 1968 condam
1012 1909 1121 1989 magni
1140 1908 1211 1969 Elie
1235 1908 1374 1970 domino
1391 1909 1488 1970 Jaco-

213 2013 316 2074 mello
340 2029 470 2076 centum
494 2030 525 2076 et
548 2015 783 2096 quinquaginta
807 2013 878 2076 tlor.
902 2015 971 2074 auri
996 2030 1027 2074 et
1058 2015 1192 2075 demum
1217 2015 1331 2076 decem
1355 2029 1388 2075 et
1412 2030 1490 2076 octo

213 2117 283 2180 flor.
309 2119 341 2179 in
365 2120 539 2200 quindenis
562 2122 744 2202 persolvere
767 2121 874 2182 debet.

320 2225 398 2286 ltem
423 2226 585 2287 lohannes
605 2226 769 2288 Chemerii
793 2227 930 2288 domino
946 2226 1125 2288 lacomello
1149 2227 1183 2286 in
1207 2225 1385 2308 quindenis
1409 2247 1490 2291 cen-

211 2345 281 2393 tum
306 2331 377 2394 flor.
401 2334 470 2394 auri
494 2334 658 2395 exsolvere
682 2333 789 2394 debet.

319 2438 398 2500 ltem
422 2438 586 2500 lohannes
608 2440 707 2501 Pazar
730 2456 840 2502 contra
872 2438 1038 2500 Thornam
1060 2455 1204 2500 sutorem
1228 2439 1336 2521 primo
1368 2439 1490 2502 citatus

214 2564 280 2606 non
304 2548 494 2626 comparuit.
1010 2622 1021 2638 ·

320 2651 396 2711 ltem
422 2652 568 2713 Andreas
584 2651 651 2734 Syb
666 2668 781 2714 octavo
797 2653 850 2713 die
874 2672 931 2734 per
948 2652 1055 2713 Elium
1080 2651 1293 2729 aurifabrum,
1311 2652 1488 2713 Herricum

214 2755 398 2837 pellificem,
429 2757 611 2819 Corardum
643 2774 799 2820 terrorem
834 2773 866 2820 et
896 2758 1101 2840 Scuryancch
1133 2761 1282 2820 atestabit
1305 2778 1404 2842 super
1435 2779 1489 2839 eo,

214 2863 304 2943 quod
328 2864 394 2943 ipse
418 2864 581 2945 quendam
604 2865 751 2945 gladium
774 2886 792 2925 a
814 2865 969 2946 l'abyano
986 2866 1114 2926 literato
1137 2885 1283 2946 superse
1301 2866 1489 2947 recepisset.

325 2969 401 3031 ltem
434 2970 616 3031 ¹alexander
647 2972 794 3032 atestabit
824 2986 935 3032 contra
968 2971 1035 3053 Syb
1066 2991 1125 3053 per
1155 2972 1324 3033 dominam
1348 2991 1488 3034 uxorem

215 3077 361 3137 llauricii
387 3077 515 3138 Floram
539 3091 572 3139 et
594 3078 738 3139 relictam
756 3078 867 3138 Bozou
890 3098 1054 3160 supereo,
1077 3079 1167 3158 quod
1191 3078 1277 3139 idem
1302 3079 1371 3160 Syb
1387 3099 1489 3162 super

213 3183 348 3245 domurn
372 3204 465 3246 suam
489 3185 641 3261 irruisset,
666 3184 795 3263 januam
810 3184 1022 3247 demactasset
1045 3199 1077 3246 et
1099 3205 1191 3246 suam
1217 3205 1351 3247 uxorem
1376 3188 1489 3248 verbis

213 3291 361 3373 turpibus
383 3290 549 3353 affecisset.

319 3397 398 3460 ltem
419 3418 514 3460 causa
536 3419 587 3459 ser
610 3397 727 3481 Gyuan
750 3413 781 3458 et
805 3397 948 3479 magistri
966 3397 1124 3459 lobannis
1140 3397 1247 3481 Crispi
1272 3414 1320 3460 est
1341 3398 1383 3459 ad
1407 3415 1487 3462 octo

213 3504 285 3566 dies
306 3521 477 3588 prorogata
500 3506 541 3566 ad
566 3504 750 3587 ponendam
775 3504 949 3565 racionem.

320 3613 398 3674 ltem
423 3614 546 3696 Symou
570 3610 709 3675 carnifex
733 3626 843 3672 contra
868 3609 1046 3692 Georgium
1071 3610 1211 3685 juratum
1234 3612 1343 3694 primo
1366 3612 1488 3674 citatus

214 3740 280 3782 non
302 3721 494 3802 comparuit.

319 3827 398 3888 ltem
423 3828 605 3909 Stephanus
635 3823 728 3887 Cilus
757 3838 867 3885 contra
892 3822 1046 3906 Gyurgek
1078 3823 1311 3906 calcariparum
1334 3825 1486 3888 secundo

214 3934 328 3996 citatus
350 3953 416 3995 non
444 3933 634 4016 comparuit.

321 4040 399 4102 ltem
422 4039 594 4103 Chuethlto
617 4054 728 4101 contra
753 4039 883 4100 Petrum
906 4050 1021 4098 octavo
1045 4037 1098 4098 die
1122 4037 1341 4119 respondebit.

319 4147 397 4208 ltem
421 4146 612 4209 Dominicus
634 4144 724 4207 faber
746 4159 855 4207 contra
880 4143 1023 4204 liranum
1047 4144 1154 4225 primo
1169 4145 1284 4204 citatus
1300 4162 1366 4204 non
1391 4162 1486 4206 com-

214 4255 331 4337 paruit.

320 4361 399 4423 ltem
418 4359 551 4422 domina
575 4364 668 4420 Anna
692 4374 801 4420 contra
826 4356 999 4440 Gyuanum
1016 4357 1160 4418 secundo
1183 4358 1277 4419 citata
1300 4377 1366 4418 non
1391 4377 1485 4421 com·

214 4469 330 4551 paruit.

321 4575 399 4637 ltem
424 4575 532 4638 blathe
564 4588 673 4636 contra
698 4572 898 4655 Stephanum
928 4570 1117 4633 sallivenarn
1142 4571 1250 4654 primo
1273 4571 1390 4633 citatus
1414 4593 1485 4637 non

214 4705 287 4747 corn
311 4697 405 4746 arurt.

289 4704 400 4853 pltem
423 4788 586 4853 lohannes
609 4801 720 4849 contra
741 4783 919 4867 Georgium
935 4785 1041 4867 primo
1063 4784 1179 4847 citatus
1202 4803 1267 4845 non
1285 4786 1482 4866 comparuit.
