3398 5364
1424 372 1484 434 355

323 559 402 620 ltcm
430 578 524 621 causa
540 560 659 621 Vrbani
677 572 788 621 contra
805 560 962 642 Scitarigh
980 561 1020 623 ad
1038 575 1188 624 octavum
1205 562 1293 624 diem
1309 562 1349 624 ad
1368 583 1484 646 pacem

217 678 265 727 est
288 677 425 748 recepta.

323 771 403 834 Item
427 771 565 833 lacobus
592 770 725 853 pellifex
750 773 781 834 in
814 774 920 856 primo
952 774 1072 854 judicio
1098 787 1169 856 post
1200 774 1319 837 Pascha
1345 776 1377 837 id
1403 796 1484 857 quo·

216 877 316 940 modo
341 879 373 939 in
397 878 537 959 quadam
561 878 660 940 domo
685 893 934 942 commetaretur
957 879 1053 942 debet
1076 881 1256 943 ostendere.

324 985 401 1047 Item
435 1005 527 1046 causa
554 985 691 1046 Dionisii
718 999 826 1048 contra
861 986 1044 1068 Mosnarigh
1076 987 1117 1048 ad
1152 1001 1300 1049 octavum
1333 989 1420 1050 diem
1444 989 1485 1051 ad

216 1110 329 1172 pacem
355 1105 402 1153 eet
425 1103 562 1173 recepta.

323 1197 401 1259 Item
419 1198 502 1259 Rees
526 1211 636 1260 contra
661 1198 764 1280 Remp
789 1199 932 1260 secundo
956 1199 1071 1261 citatus
1097 1219 1162 1261 non
1188 1201 1378 1282 comparuit.

324 1304 401 1365 ltem
427 1303 608 1385 Stephanus
634 1303 793 1365 Pecohleb
826 1305 948 1366 lacobo
973 1305 1053 1367 Bolc
1085 1325 1186 1386 usque
1218 1306 1399 1387 quindenas
1422 1326 1481 1389 pro

214 1429 275 1472 suo
301 1410 461 1492 vituperio
486 1409 597 1471 decem
623 1428 745 1471 marcas
769 1410 976 1472 denariorum
1002 1410 1127 1473 solvere
1151 1411 1257 1474 debet.

322 1517 400 1578 Item
435 1516 625 1579 Valentinus
662 1531 771 1578 contra
804 1516 967 1578 Matheilro
999 1517 1157 1598 quasdam
1187 1518 1294 1579 literas
1328 1531 1359 1580 et
1389 1531 1482 1581 testa·

216 1637 361 1685 mentum
386 1636 500 1685 octavo
524 1623 576 1685 die
598 1622 776 1705 producere
801 1624 907 1686 debet.

324 1729 400 1792 ltem
426 1729 514 1810 quod
548 1729 624 1811 quia
657 1731 758 1790 Lucas
789 1727 873 1790 filius
906 1729 1045 1791 Munech
1078 1750 1174 1812 super
1206 1728 1290 1792 iacto
1314 1731 1481 1792 cuiusdam

215 1836 308 1897 vinee
333 1849 364 1898 et
396 1836 525 1918 virgulti
558 1850 651 1898 testcs
682 1834 826 1897 efficaces
857 1855 920 1896 non
952 1836 1057 1918 potuit
1089 1837 1277 1918 producere,
1311 1836 1385 1897 ideo
1410 1838 1477 1919 ipsa

216 1943 310 2003 vinea
336 1955 367 2004 et
391 1941 565 2023 virgultum
594 1940 766 2003 heredibus
797 1962 853 2003 seu
884 1942 1019 2024 posteris
1043 1942 1168 2004 Nicolai
1200 1940 1256 2003 filii
1283 1941 1409 2004 Crisani
1432 1956 1480 2003 cst

216 2047 410 2129 adjudicata.

322 2154 401 2216 Item
426 2155 536 2216 Petrus
560 2154 682 2215 Prunar
706 2168 820 2216 octavo
845 2153 897 2216 die
932 2155 1037 2236 primo
1065 2154 1097 2215 in
1129 2172 1180 2231 eo,
1203 2153 1291 2235 quod
1316 2155 1364 2215 sui
1390 2155 1480 2236 porci

216 2259 254 2323 de
278 2259 439 2322 frumento
465 2260 601 2321 Dionisii
627 2280 691 2322 non
716 2263 926 2323 comederunt
957 2274 988 2322 et
1019 2259 1161 2321 secundo
1194 2279 1290 2342 super
1312 2279 1362 2339 eo,
1390 2260 1479 2342 quod

217 2379 371 2447 quantum
397 2366 485 2448 porci
510 2367 558 2427 sui
583 2380 658 2428 tunc
683 2367 837 2448 temporis
858 2366 1037 2444 valuerunt,
1062 2364 1123 2427 hoc
1147 2365 1248 2427 Orsus
1271 2365 1385 2428 solvat.

320 2473 398 2534 Item
434 2471 596 2534 Johannes
632 2473 779 2556 Samlyar
815 2487 923 2534 contra
960 2473 1089 2534 Petrum
1128 2472 1229 2534 tercio
1266 2471 1380 2533 citatus
1413 2490 1478 2533 non

217 2578 406 2662 comparuit.

320 2686 397 2747 ltem
423 2684 575 2747 Nicolaus
593 2685 739 2765 Rogosar
758 2697 872 2746 octavo
897 2685 948 2745 die
965 2685 1065 2746 tercio
1089 2705 1123 2745 se
1148 2697 1258 2746 contra
1285 2683 1480 2765 Gregorium

216 2791 331 2874 Angeli
360 2790 486 2872 jurabit.

503 3012 685 3083 Sabbatum
714 3019 792 3083 ante
821 3012 1021 3082 dominicam
1049 3011 1177 3084 letare.

321 3164 398 3225 ltcm
416 3163 539 3244 antiqui
558 3162 679 3243 judices
704 3181 832 3223 causam
849 3160 989 3223 filiorum
1008 3161 1162 3223 Hermani
1188 3174 1219 3223 et
1236 3161 1352 3244 Mykch
1370 3176 1480 3223 contra

215 3271 386 3333 Nicolaum
410 3268 512 3331 filium
532 3270 615 3331 Petri
640 3289 696 3350 per
712 3269 833 3349 juratos
849 3267 1022 3348 judicatam
1040 3266 1281 3347 confirmarunt,
1299 3269 1340 3330 ita
1357 3282 1476 3346 tamen,

215 3377 303 3459 quod
330 3376 415 3438 idem
441 3376 594 3438 Nicolaus
619 3376 649 3436 in
675 3375 848 3456 quindenis
879 3375 1007 3436 termini
1035 3374 1170 3456 predicti
1194 3395 1290 3457 super
1314 3394 1364 3452 eo,
1389 3375 1478 3455 quod

213 3484 278 3566 ipse
305 3483 474 3544 dominam
500 3481 734 3563 Margaretham
767 3500 831 3542 non
864 3478 1057 3543 interfecerit
1081 3501 1139 3542 nec
1163 3479 1339 3542 interficere
1371 3479 1480 3542 lecerit

214 3589 454 3673 (juramentum)
479 3603 618 3672 prestare
643 3588 749 3650 debet.

388 3808 484 3882 Feria
513 3816 613 3882 serta
642 3818 720 3880 ante
744 3809 944 3879 dominicam
973 3806 1292 3894 Ramispalmarum.

320 3961 397 4024 ltem
423 3962 534 4023 Petrus
559 3961 633 4021 Moz
658 3974 768 4022 contra
801 3959 977 4041 Sebestyan
1010 3957 1116 4039 primo
1149 3957 1263 4018 citatus
1289 3976 1354 4018 non
1389 3977 1477 4020 com-

213 4067 327 4149 paruit.

315 4172 394 4233 item
420 4172 530 4233 Petrus
554 4186 584 4234 et
609 4171 720 4232 Plazar
743 4170 783 4232 ad
807 4191 919 4254 pacem
947 4185 1021 4233 sunt
1045 4172 1174 4255 recepti.

318 4278 395 4340 ltem
413 4298 507 4340 causa
533 4276 677 4359 Dragech
704 4292 813 4338 contra
839 4278 1013 4339 Martinum
1038 4277 1195 4361 Zekyrich
1226 4276 1266 4338 ad
1292 4295 1404 4358 pacem
1428 4289 1475 4338 est

212 4399 336 4468 recepta
360 4386 400 4446 ad
425 4385 566 4467 primum
591 4384 757 4465 judicium.

314 4492 392 4553 ltem
416 4512 509 4554 causa
529 4491 708 4573 Dragozlay
732 4503 763 4551 et
782 4490 934 4573 Stephani
953 4491 1134 4553 Pechohlcb
1152 4504 1198 4553 est
1221 4492 1261 4552 ad
1286 4509 1397 4573 pacem
1423 4511 1472 4553 re·

212 4611 302 4680 cepta
326 4598 367 4659 ad
391 4599 532 4681 primum
557 4597 723 4679 judicium.

315 4703 394 4765 ltem
427 4704 558 4766 Corlath
593 4716 681 4765 sutor
713 4716 823 4765 contra
855 4702 1050 4785 Gurglinum
1083 4704 1225 4766 secundo
1261 4705 1374 4765 citatus
1410 4722 1473 4764 non

211 4811 401 4893 comparuit.
