3404 5362
1330 39 1509 126 --AE

708 116 1016 124 ——---——-———

247 219 334 282 vinea
360 218 439 282 dicti
464 219 607 301 magistri
623 220 714 282 Pauli
739 220 779 282 ad
804 221 916 302 viginti
943 235 974 282 et
998 236 1071 283 octo
1087 221 1214 302 ligones
1237 221 1381 304 predicto
1400 223 1507 283 Marco

245 325 454 408 adjudicasset
477 325 717 408 ligonizandam
742 326 835 388 metis
848 326 989 408 ipsarum
1013 327 1180 388 vinearum
1205 346 1269 388 non
1295 328 1508 406 obstantibus,

244 446 272 494 et
295 432 398 494 eciam
430 432 506 514 quia
538 433 606 515 ipsa
638 431 840 512 adjudicacio
870 432 985 513 judicis
1016 448 1047 495 et
1079 432 1256 514 juratorum
1288 435 1505 516 predictorum

242 537 389 620 predicto
407 539 560 620 magistro
578 539 679 600 Paulo
704 537 814 618 injure
832 558 891 600 suo
908 540 1171 619 contradebatur,
1197 541 1297 622 ipsam
1315 560 1442 602 causam
1467 541 1507 602 ad

244 644 395 726 antiquos
412 644 534 725 judices
557 644 765 727 appellasset;
782 665 841 706 nos
857 645 1017 727 siquidem
1041 646 1164 727 antiqui
1183 645 1304 726 judices
1328 665 1386 728 pro
1410 647 1508 708 tribu·

245 751 305 813 nali
333 751 551 831 consedendo,
576 751 674 812 deum
699 770 753 834 pre
772 751 874 814 oculis
891 752 1041 814 habendo
1058 767 1089 814 et
1107 753 1175 815 eius
1191 752 1349 833 justiciam
1374 752 1505 815 lerendo

244 857 397 940 precipue
422 859 497 940 quia
522 859 624 941 ipsam
650 859 777 920 vineam
802 859 834 919 in
862 878 917 920 sua
943 878 1015 920 vera
1048 872 1079 921 et
1103 871 1185 921 recta
1218 873 1303 921 meta
1328 858 1395 920 lore
1419 879 1507 941 repe·

241 964 342 1026 rimus
366 964 508 1026 existisse
532 963 619 1044 juxta
637 963 774 1026 formam
798 964 963 1026 literarum
991 965 1115 1027 domini
1135 964 1311 1048 Mychaelis
1334 964 1391 1027 filii
1410 965 1507 1026 Fran-

242 1070 315 1132 cisci
341 1070 479 1132 condam
504 1070 620 1153 judicis
644 1071 743 1132 nostri
767 1084 798 1132 et
822 1070 963 1132 concivis
987 1085 1082 1152 prout
1106 1071 1245 1133 eundem
1269 1071 1435 1133 Marchum
1453 1092 1508 1134 sua

242 1189 345 1238 mater
369 1190 400 1238 et
421 1196 547 1238 sorores
572 1176 730 1238 metaliter
751 1176 982 1238 distincsissent
1006 1189 1036 1238 et
1068 1176 1259 1256 divisissent,
1284 1190 1314 1239 et
1339 1178 1413 1259 quia
1446 1198 1509 1240 una

241 1301 332 1344 soror
356 1282 491 1365 predicti
518 1283 620 1363 Mark,
644 1287 770 1363 Agnesa
795 1295 918 1361 vocata,
945 1282 1049 1344 adhuc
1075 1282 1107 1342 in
1132 1295 1214 1344 etate
1239 1283 1341 1345 nubili
1368 1284 1509 1346 existens

241 1387 388 1450 intestata
424 1388 628 1467 decessisset,
664 1388 787 1468 relique
820 1402 927 1449 autem
959 1388 1022 1450 due
1062 1407 1188 1450 sorores
1220 1389 1446 1452 remansissent
1479 1405 1509 1452 et

242 1494 353 1557 Marlro
378 1495 541 1578 predictus
569 1493 665 1557 frater
697 1495 838 1577 ipsarum
870 1513 1037 1572 sororum,
1070 1493 1143 1557 ideo
1174 1495 1351 1577 predictam
1377 1495 1505 1557 vineam

241 1601 383 1683 magistri
402 1601 492 1663 Pauli
518 1600 558 1663 ad
576 1600 747 1662 duodecim
765 1600 935 1683 porciones
956 1598 1109 1681 perhanc
1134 1614 1276 1662 nostram
1300 1600 1505 1663 diffinitivam

241 1706 435 1769 sentenciam
450 1704 715 1786 adjudicavimus,
733 1704 843 1767 funem
856 1704 1024 1784 trahendo,
1041 1705 1260 1784 dividendam,
1274 1705 1398 1788 prelato
1417 1708 1506 1769 Mark

241 1810 340 1894 ipsam
358 1811 588 1874 duodecimam
601 1825 723 1894 partem
741 1831 797 1894 per
813 1811 992 1893 predictum
1010 1811 1197 1893 magistrum
1211 1811 1347 1873 Paulum
1365 1812 1504 1874 dandam

242 1932 266 1980 et
297 1917 527 1981 remittendam
559 1938 577 1979 a
609 1932 697 2000 parte
729 1917 821 1979 vinee
854 1917 952 1979 Marci
985 1916 1043 1979 filii
1076 1916 1243 1982 Chernech
1280 1916 1356 1979 dicti
1391 1918 1506 1980 Putani

240 2025 378 2105 anotati,
411 2023 534 2107 prefato
568 2025 657 2085 Marlr
689 2039 879 2106 perpetuum
912 2024 1080 2086 silencium
1113 2024 1240 2085 racione
1264 2024 1373 2106 previa
1406 2025 1504 2107 ipsius

239 2129 330 2193 vinee
356 2142 389 2192 et
411 2130 476 2191 suis
498 2130 634 2213 posteris
657 2128 857 2211 inponendo.

344 2235 425 2298 Item
450 2235 629 2318 predictam
653 2235 781 2296 vineam
814 2235 926 2296 Marito
951 2234 1064 2296 Putani
1097 2233 1203 2296 eidem
1227 2235 1380 2315 magistro
1406 2235 1508 2298 Paulo

228 2342 375 2405 omnino
402 2355 432 2404 et
455 2342 597 2404 totaliter
620 2361 693 2403 cum
718 2341 784 2402 suis
814 2340 937 2421 juribus
961 2355 991 2402 et
1022 2340 1228 2422 pertinenciis
1259 2341 1324 2402 suis
1349 2342 1506 2405 universis

224 2449 362 2514 remisit
385 2462 416 2511 et
440 2449 571 2531 reliquit
587 2449 646 2509 sub
671 2447 793 2509 eisdem
817 2447 910 2509 metis
927 2461 958 2508 et
981 2446 1125 2509 terminis
1142 2459 1238 2528 prout
1254 2447 1356 2529 ipsam
1374 2448 1507 2510 domina

218 2559 331 2621 Anna
358 2575 438 2618 uxor
461 2555 561 2638 ipsius
585 2553 727 2635 magistri
752 2553 843 2615 Pauli
867 2553 928 2614 sibi
956 2551 1096 2614 dedisset
1120 2566 1151 2613 et
1180 2552 1317 2634 legasset
1341 2555 1396 2615 tali
1421 2555 1504 2616 obli-

215 2664 377 2741 gacione
403 2661 576 2742 interjecta,
606 2660 694 2742 quod
718 2660 743 2720 si
769 2659 855 2722 idem
888 2660 979 2720 Mark
1011 2672 1120 2720 contra
1145 2659 1283 2720 eundem
1317 2661 1505 2742 magistrum

217 2763 378 2832 Paulum
393 2781 448 2830 aut
471 2768 519 2829 sui
544 2767 662 2850 posteri
688 2766 816 2828 racione
841 2766 940 2848 ipsius
957 2765 1049 2826 vinee
1075 2765 1252 2845 insurgeret
1269 2767 1432 2829 maliciose
1451 2782 1506 2830 aut

210 2868 380 2958 litigiose
404 2874 456 2936 vel
482 2874 586 2956 ipsum
610 2873 758 2955 turpibus
782 2873 887 2934 verbis
910 2872 1094 2952 deturparet
1123 2870 1290 2932 usualibus
1312 2892 1368 2933 seu
1393 2873 1505 2934 vulne-

211 2997 320 3045 raret
346 2993 462 3042 extunc
487 2980 518 3041 in
543 2979 633 3041 XXV
658 2979 773 3041 marcis
797 2978 865 3040 sine
889 2977 1004 3058 judicis
1032 2977 1185 3059 porcione
1210 2978 1297 3039 etin
1322 2978 1505 3062 calumpnia

212 3101 351 3152 contra
376 3086 556 3168 predictum
582 3086 770 3167 magistrum
800 3085 936 3146 Paulum
969 3084 1212 3145 convinceretur
1243 3085 1313 3167 ipso
1338 3083 1441 3162 lact03
1466 3086 1505 3146 ad

212 3213 299 3279 que
326 3191 438 3254 omnia
462 3205 493 3254 et
510 3192 636 3274 singula
653 3193 881 3274 premissorum
902 3189 1044 3273 prelatus
1062 3191 1152 3251 Mark
1176 3210 1209 3252 se
1227 3191 1391 3252 voluntate
1408 3211 1504 3274 spon·

212 3311 330 3365 tanea
357 3296 490 3361 firmiter
513 3298 671 3380 obligavit
694 3317 803 3360 coram
828 3297 932 3359 nobis.

348 3405 425 3467 ltem
450 3405 553 3466 lwech
578 3405 618 3466 de
635 3417 746 3466 sancto
772 3405 915 3487 Symone
938 3423 971 3464 se
996 3402 1136 3463 reddidit
1152 3402 1192 3463 ad
1220 3401 1309 3463 dacia
1333 3402 1504 3464 tribuenda

217 3525 347 3577 nostre
372 3511 596 3573 communitati
622 3524 653 3573 et
677 3509 886 3572 universitati.

866 3664 879 3692 ἤ

948 3725 959 3753 t

345 3831 423 3893 ltem
449 3830 563 3892 Paulas
586 3844 696 3892 contra
722 3829 874 3911 Gyurgek
899 3829 1003 3911 primo
1028 3829 1141 3890 citatus
1166 3848 1231 3890 non
1254 3828 1444 3911 comparuit.

347 3938 424 4000 ltem
449 3937 611 4000 lohannes
643 3951 743 3997 sartor
767 3950 876 3997 contra
910 3935 1087 4017 Georgium
1119 3934 1302 4018 Mykouche
1326 3934 1431 4018 primo
1463 3933 1505 3995 ci·

227 4057 324 4109 tatus
349 4064 414 4106 non
439 4044 629 4126 comparuit.

350 4151 428 4214 ltem
452 4171 545 4213 causa
570 4149 725 4212 Johannis
759 4149 873 4210 literati
906 4162 936 4210 et
960 4147 1121 4209 Pauerlini
1146 4160 1193 4209 est
1224 4167 1280 4231 per
1304 4147 1506 4230 Mychaelem

236 4258 370 4343 Ortoph
394 4257 435 4320 ad
460 4271 533 4319 octo
558 4256 626 4318 dies
651 4269 776 4337 recepta
803 4255 842 4316 ad
867 4274 989 4338 pacem.

348 4364 426 4427 ltem
445 4363 619 4426 Merclinus
637 4375 745 4424 contra
765 4360 943 4443 Georgium
967 4374 1109 4423 sutorem
1133 4359 1275 4423 secundo
1300 4360 1412 4423 citatus
1440 4381 1504 4422 non

241 4471 434 4555 comparuit.
