3404 5362
623 333 818 408 Ann01377.
844 365 885 373 -
909 345 959 391 22.
983 333 1064 391 maii.
1442 329 1483 406 89

322 543 399 605 Item
425 543 564 604 Iacobus
580 542 742 624 predictus
765 540 897 624 pellifex
913 540 1030 622 jurabit
1047 561 1079 603 se
1101 541 1261 602 secundus
1285 554 1402 602 octavo
1420 540 1482 619 die,

224 649 306 732 quod
330 650 398 732 ipse
423 650 509 712 dicto
534 648 620 731 Span
644 669 697 709 sex
722 648 829 731 pensis
857 647 1062 709 denariorum
1092 667 1156 708 non
1181 660 1352 726 teneretur.

322 757 401 819 Item
425 757 544 818 Paulus
568 754 757 817 Menchicha
790 768 900 817 contra
924 753 1032 816 Mathe
1065 767 1206 816 sutorem
1231 754 1337 836 prImo
1370 754 1483 815 citatus

221 882 280 925 non
305 864 496 946 comparuit.

323 968 401 1030 Item
425 969 593 1031 Emericus
617 968 706 1031 faber
729 968 834 1050 primo
867 967 980 1029 citatus
1011 987 1076 1028 non
1101 967 1289 1050 comparuit.

325 1075 403 1137 Item
421 1075 593 1139 Chuethko
610 1088 720 1138 contra
738 1073 939 1136 Anthonium
957 1075 1062 1156 primo
1079 1075 1193 1136 citatus
1211 1094 1275 1136 non
1294 1075 1482 1156 comparuit.

324 1181 402 1243 Item
425 1183 532 1243 Loure
556 1195 666 1244 contra
692 1179 867 1242 Bedicham
891 1194 1005 1243 octavo
1027 1180 1079 1241 die
1103 1180 1320 1262 respondebit.

325 1286 403 1347 Item
429 1307 522 1348 causa
547 1287 630 1349 Petri
658 1287 788 1348 sartoris
821 1300 851 1349 et
876 1285 967 1348 Cifus
991 1299 1037 1347 est
1068 1306 1125 1368 per
1150 1286 1327 1367 Georgium
1352 1286 1481 1347 calcari·

221 1412 333 1474 parum
358 1404 389 1455 et
413 1394 549 1476 Mykech
575 1394 732 1455 decanum
756 1394 795 1454 ad
821 1407 893 1454 octo
918 1393 986 1454 dies
1010 1408 1134 1475 recepta
1160 1393 1200 1454 ad
1225 1413 1347 1475 pacem.

325 1500 404 1561 Item
428 1500 570 1561 Briccius
593 1513 702 1562 contra
720 1498 900 1561 Iohannem
917 1499 1058 1560 secundo
1076 1499 1188 1561 citatus
1206 1519 1269 1560 non
1289 1500 1478 1582 comparuit.

326 1606 404 1666 Item
429 1605 591 1667 Iohannes
616 1605 778 1668 Chemerii
811 1617 921 1666 contra
945 1603 1123 1686 Georgium
1157 1606 1317 1666 literatum
1341 1607 1483 1668 secundo

220 1712 332 1773 citatus
361 1732 426 1773 non
458 1713 647 1795 comparuit.

323 1817 401 1880 Item
426 1838 520 1880 causa
544 1819 653 1880 relicte
688 1817 840 1900 Stephani
876 1819 986 1879 Bozou
1019 1831 1128 1879 contra
1154 1818 1354 1880 Anthonium
1382 1819 1479 1879 lienis

220 1937 264 1984 est
288 1943 346 2006 per
371 1922 569 2006 Stephanum
595 1925 669 1986 Jaxe
694 1924 734 1986 ad
759 1925 897 2007 primum
922 1924 971 1984 sui
995 1923 1152 1985 adventus
1175 1923 1214 1984 de
1239 1923 1330 1984 Buda
1353 1936 1478 2006 recepta

220 2029 257 2089 ad
280 2049 404 2111 pacem.

322 2135 400 2198 Item
426 2135 587 2218 Georgius
604 2136 723 2211 juratus
739 2150 769 2199 et
795 2136 930 2198 Mathias
946 2135 1172 2219 stipendiarius
1189 2149 1299 2197 contra
1318 2134 1482 2198 Geninum

221 2255 335 2303 octavo
359 2243 410 2304 die
435 2243 686 2324 respondebunt.

326 2348 402 2410 Item
427 2348 619 2410 Valentinus
643 2347 806 2431 Malinych
824 2362 934 2410 contra
956 2349 1126 2411 Nicolaum
1151 2350 1256 2432 primo
1281 2348 1394 2409 citatus
1418 2366 1483 2408 non

221 2455 409 2537 comparuit.

323 2560 401 2623 Item
427 2562 535 2624 Mathe
558 2575 647 2624 sutor
670 2575 780 2624 contra
799 2561 1019 2625 LehcumuaId
1044 2563 1150 2645 primo
1167 2564 1281 2626 citatus
1306 2583 1370 2625 non
1397 2582 1483 2624 corn·

221 2669 332 2737 paruit.

323 2773 399 2836 Item
425 2794 520 2836 causa
545 2773 699 2856 Stephani
723 2787 754 2836 et
777 2773 932 2836 Iohannis
949 2774 1112 2837 Chemerii
1138 2790 1183 2838 est
1207 2796 1264 2857 per
1287 2775 1427 2856 judicem
1452 2789 1483 2838 et

219 2878 338 2960 juratos
362 2879 403 2941 ad
427 2894 500 2942 octo
526 2881 594 2942 dies
621 2894 802 2963 prorogata.

322 3096 420 3173 FerIa
448 3107 547 3174 sexta
584 3103 738 3190 proxima
767 3109 844 3174 ante
881 3102 1005 3174 festum
1037 3107 1154 3173 sancte
1181 3100 1374 3173 Trinitatis

760 3254 822 3332 (22.
846 3256 940 3332 mait').

323 3394 431 3456 Primo
456 3414 550 3457 causa
576 3394 663 3477 Span
687 3408 717 3456 et
749 3395 859 3458 Jacobi
884 3409 931 3458 est
962 3415 1019 3477 per
1042 3405 1139 3456 testes
1162 3394 1203 3456 ad
1227 3407 1300 3456 octo
1334 3394 1402 3456 dies
1435 3413 1483 3455 re-

215 3513 310 3583 cepta
335 3500 376 3562 ad
398 3520 521 3583 pacem.

322 3605 401 3669 Item
433 3607 624 3670 Pauerlinus
656 3621 763 3669 contra
797 3607 904 3670 Mathe
935 3608 1094 3669 decanum
1134 3608 1239 3681 prImo
1271 3607 1384 3669 citatus
1416 3626 1481 3667 non

213 3714 405 3796 comparuit.

321 3818 401 3881 Item
425 3818 624 3880 Laurencius
647 3832 757 3880 contra
781 3818 959 3900 Georgium
984 3832 1098 3881 octavo
1133 3819 1185 3881 die
1209 3818 1426 3901 respondebit.

323 3924 400 3986 Item
432 3925 518 3986 Iwan
551 3924 810 4008 Huzarenouych
843 3938 953 3986 contra
986 3925 1116 3987 Petrum
1147 3926 1345 3988 sacerdotem
1377 3924 1482 4007 primo

214 4032 333 4094 citatus
356 4050 421 4093 non
447 4031 637 4113 comparuit.

323 4137 401 4200 Item
426 4137 579 4220 Gyurgek
597 4151 706 4200 contra
723 4138 902 4200 Iohannem
926 4138 1032 4221 primo
1060 4139 1173 4201 citatus
1197 4159 1262 4201 non
1291 4138 1480 4222 comparuit.

322 4243 400 4306 Item
426 4243 586 4326 Georgius
610 4258 720 4307 contra
738 4246 867 4308 Petrum
891 4246 995 4329 primo
1020 4247 1132 4309 citatus
1156 4267 1220 4308 non
1246 4246 1436 4328 comparuit.

322 4350 400 4413 Item
433 4350 596 4414 Iohannes
618 4350 703 4414 filius
726 4352 846 4415 chhk
877 4366 986 4416 contra
1019 4354 1196 4436 Georgium
1228 4354 1334 4437 primo
1369 4354 1482 4416 citatus

213 4475 281 4519 non
306 4457 497 4541 comparuit.

322 4564 400 4626 Item
425 4584 519 4626 causa
543 4564 676 4646 Georgii
705 4565 821 4628 literati
854 4580 884 4628 et
909 4565 1063 4628 Iohannis
1094 4566 1258 4629 Chemerii
1282 4580 1329 4629 est
1352 4587 1409 4650 per
1433 4566 1482 4649 ju·

212 4671 319 4732 dicem
343 4671 384 4732 ad
408 4684 482 4733 octo
505 4671 574 4733 dies
597 4672 656 4733 suh
680 4670 784 4734 forma
808 4671 913 4735 fiende
932 4672 1019 4754 pacis
1042 4686 1224 4754 prorogata,
1249 4693 1284 4735 ac
1307 4685 1480 4736 testamen·

211 4791 284 4839 tum
308 4776 437 4839 Martini
463 4777 616 4839 institoris
639 4798 696 4861 per
720 4778 859 4840 eundem
885 4778 1064 4840 Iohannem
1088 4779 1350 4861 presentandum.
