3404 5362
486 319 683 394 Ann01375.
710 351 750 362 —
775 333 802 379 1.
818 317 913 396 simii.
1299 336 1340 398 27

175 530 256 592 Item
282 527 422 590 Mondol
444 542 554 590 contra
579 528 742 590 Andreem
767 529 905 590 condam
929 529 1068 610 juratum
1094 529 1198 611 primo
1227 528 1341 590 citatus

72 655 136 698 non
159 635 352 718 comparuit.

175 742 256 802 Item
280 755 395 802 octavo
418 739 470 801 die
503 739 629 801 Ferlich
661 759 694 800 se
730 740 846 802 tercius
878 740 995 822 jurabit
1020 740 1052 800 in
1084 759 1135 818 eo,
1160 739 1247 821 quod
1273 740 1340 822 ipse

74 848 206 910 anulum
231 846 392 909 Leonardi
417 847 457 907 de
481 846 586 907 VdIna
610 865 675 907 non
701 844 862 924 iuraverit,
892 866 948 908 nec
974 846 1077 908 lurem
1102 846 1202 928 ipsius
1226 846 1339 921 sciret3

73 953 204 1014 anulum
229 966 338 1015 autem
361 952 516 1013 restituet.

176 1060 255 1121 Item
280 1072 394 1121 octavo
419 1058 471 1118 die
489 1056 652 1118 lohannes
676 1078 709 1119 se
725 1057 841 1118 tercius
866 1071 975 1120 contra
994 1057 1193 1140 Stephanum
1211 1057 1340 1135 jurabit,

74 1167 158 1248 quod
195 1166 261 1248 ipse
297 1163 440 1246 quodam
472 1183 566 1224 suum
609 1164 752 1226 mensale
795 1182 859 1225 non
892 1162 1063 1242 furaverit,
1095 1182 1200 1244 neque
1241 1162 1340 1245 ipsius

77 1271 178 1334 furem
204 1273 308 1333 sciret.

177 1378 257 1441 Item
282 1397 376 1439 causa
401 1377 511 1439 Jacobi
538 1375 667 1454 medici,
701 1374 852 1458 Gyurgek
888 1391 918 1437 et
944 1374 1088 1437 Francha
1118 1373 1270 1437 aurifabri
1296 1388 1342 1437 est

75 1504 128 1566 per
149 1484 315 1546 Andream
341 1483 478 1544 condam
504 1482 643 1562 juratum
667 1482 708 1544 ad
733 1496 806 1543 octo
831 1481 899 1543 dies
924 1494 1050 1563 recepta
1075 1480 1115 1541 ad
1140 1500 1262 1563 pacem.

177 1590 256 1652 Item
290 1589 402 1652 Gozka
434 1590 533 1651 actrix
565 1590 702 1651 existens
734 1603 844 1650 contra
873 1588 1075 1650 Anthonium
1109 1601 1250 1649 sutorem
1274 1607 1339 1649 non

75 1695 162 1757 venit
186 1715 293 1778 neque
316 1696 413 1757 misit.

183 1801 262 1863 Item
294 1822 387 1864 causa
419 1802 544 1864 Nicolai
570 1801 744 1864 Tethonici
768 1815 799 1863 et
830 1801 1006 1884 Mychaelis
1038 1801 1147 1864 estad
1179 1814 1252 1864 octo
1274 1800 1342 1863 dies

76 1921 246 1990 prorogata
269 1908 309 1970 ad
333 1907 522 1990 ponendum
547 1909 709 1970 racionem
735 1908 816 1968 inter
839 1908 935 1990 ipsos.

179 2014 257 2076 Item
282 2034 376 2076 causa
400 2013 533 2075 domine
569 2013 664 2077 Clare
697 2028 727 2074 et
752 2014 823 2075 Elie
856 2012 1010 2076 aurifabri
1043 2029 1088 2076 est
1112 2034 1169 2096 per
1193 2012 1341 2095 Dra(go)·

76 2119 179 2181 zlanm
204 2121 341 2201 juratum
366 2120 407 2183 ad
431 2134 505 2183 octo
529 2120 597 2182 dies
624 2133 750 2201 recepta
777 2120 817 2181 ad
844 2139 966 2202 pacem.

178 2226 257 2288 Item
292 2226 482 2288 Dominicus
517 2225 605 2288 faber
641 2240 753 2288 contra
788 2226 960 2288 Nicolaum
992 2228 1096 2309 primo
1131 2227 1245 2289 citatus
1276 2246 1340 2287 non

78 2333 265 2415 comparuit.
857 2315 860 2320 ’

179 2438 257 2500 Item
294 2437 444 2501 Chernlra
480 2452 590 2499 contra
626 2437 826 2520 Stephanum
859 2439 957 2500 actrix
982 2439 1119 2500 existens
1154 2458 1219 2500 non
1255 2438 1343 2499 venit

79 2564 179 2626 neque
204 2545 301 2607 misit.

178 2651 258 2712 Item
282 2649 436 2713 Clemens
457 2651 676 2712 mercenarius
701 2651 786 2713 Luce
819 2664 934 2713 octavo
958 2651 1011 2712 die
1035 2671 1067 2713 se
1091 2651 1207 2712 tercius
1231 2664 1340 2712 contra

79 2757 276 2819 Anthonium
309 2758 421 2840 Renyz
452 2756 568 2829 jurabit
596 2757 628 2818 in
662 2776 712 2835 eo,
738 2758 827 2839 quod
859 2778 950 2819 suam
982 2758 1153 2839 pecuniam
1177 2776 1243 2818 non
1267 2758 1341 2818 sub·

79 2864 228 2926 traxisset.

179 2969 258 3033 Item
284 2969 443 3050 Georgius
466 2968 588 3052 judicio
620 2982 729 3031 nostro
762 2983 797 3032 ut
820 2970 932 3031 debuit
964 2970 1154 3051 comparuit,
1180 2969 1341 3031 lohannes

83 3090 183 3139 autem
207 3097 273 3138 non
289 3077 378 3139 venit
401 3096 507 3158 neque
524 3076 621 3155 misit,
647 3096 720 3139 cum
738 3090 846 3138 autem
863 3076 926 3138 hoc
946 3076 978 3137 in
995 3076 1153 3158 preceptis
1170 3075 1340 3139 habuisset.

173 3293 270 3369 Ieria
297 3301 397 3368 sexta
424 3298 580 3385 proxima
607 3302 685 3387 post
712 3295 836 3367 festum
865 3295 1080 3370 Ascensionis
1109 3297 1245 3368 domini.

629 3453 672 3524 (1.
688 3451 796 3526 junii).

183 3589 290 3652 Primo
314 3588 436 3652 Mathia
458 3588 619 3652 aurifaber
643 3603 752 3652 contra
770 3590 946 3651 Martinum
971 3589 1143 3671 Zequirich
1167 3590 1273 3671 primo
1297 3589 1336 3651 ci·

88 3702 160 3754 tatus
182 3714 248 3757 non
272 3694 463 3778 comparuit.

180 3801 259 3863 Item
282 3802 387 3865 Vinka
411 3816 521 3865 contra
545 3807 673 3864 Annam
698 3803 804 3884 primo
833 3804 926 3866 citata
951 3823 1016 3865 non
1041 3803 1232 3885 comparuit.

180 3907 259 3971 Item
283 3908 474 3971 Dominicus
506 3907 595 3970 labet
627 3921 736 3971 contra
767 3909 940 3971 Nicolaum
963 3908 1040 3971 feria
1072 3922 1159 3971 sexta
1184 3930 1270 3971 nunc
1294 3910 1342 3970 in·

87 4014 169 4077 stanti
192 4014 408 4097 respondebit.

178 4121 256 4182 Item
281 4119 434 4183 Clemens
458 4133 567 4182 contra
592 4121 765 4183 Nicolaum
790 4122 897 4203 primo
922 4122 1038 4185 citatus
1061 4142 1126 4183 nou
1152 4123 1342 4203 comparuit.

177 4227 257 4290 Item
275 4226 456 4309 Stephanus
479 4240 588 4289 contra
613 4228 789 4290 MartInum
812 4228 984 4310 Zequirich
1008 4229 1114 4311 ptimo
1139 4230 1252 4292 citatus
1276 4249 1340 4290 non

86 4333 264 4415 comparuit.

179 4439 258 4501 Item
289 4438 408 4500 Paulus
437 4440 528 4501 rakar
559 4454 667 4502 contra
701 4438 810 4502 Mathe
843 4440 978 4522 figulum
1011 4442 1116 4524 primo
1141 4442 1254 4504 citatus
1276 4462 1341 4502 non

84 4545 265 4626 comparuit.

177 4650 257 4713 Item
302 4650 439 4735 Mykech
479 4665 580 4712 sartor
628 4665 738 4713 contra
775 4653 941 4714 Franchek
979 4655 1084 4735 primo
1124 4654 1237 4716 citatus
1275 4673 1340 4714 non

81 4755 264 4839 comparuit.
