3404 5362
415 506 493 567 Item
512 506 577 588 va
603 506 709 567 Endre
735 519 844 566 contra
868 504 1046 568 Fabianum
1075 507 1235 568 literatum
1260 507 1367 588 primo
1385 507 1499 568 citatus
1514 527 1576 567 non

312 613 501 694 comparuit.

414 718 493 779 ltem
517 718 604 798 quod
630 718 704 798 quia
729 716 880 777 dominus
904 717 1002 778 abbas
1025 731 1120 779 testes
1144 731 1254 779 contra
1278 717 1483 780 Anthonium
1507 738 1570 779 car·

309 823 434 886 nificem
472 824 503 884 in
537 822 620 884 facto
649 822 838 883 violacionis
870 822 1017 884 cimiterii
1051 823 1227 904 producere
1259 822 1382 884 debens
1406 843 1473 885 non
1508 843 1576 905 pro·

310 931 409 1005 duxit,
435 930 508 989 ideo
533 948 661 989 causam
685 947 774 989 suam
800 927 950 1009 perdidit.

328 1148 424 1221 Feria
453 1156 560 1223 tercia
588 1152 742 1239 proxima
770 1158 847 1237 post
874 1150 996 1221 festum
1025 1147 1180 1221 Undecim
1209 1150 1352 1220 millium
1380 1151 1561 1238 virginum.

833 1305 898 1378 (23.
922 1301 1064 1375 octobris).

416 1444 493 1504 Item
519 1442 667 1524 Mychael
691 1442 776 1503 filius
801 1443 950 1503 Damiani
975 1455 1085 1503 contra
1110 1440 1280 1502 dominum
1307 1441 1455 1503 Blasium
1477 1443 1579 1524 primo

311 1550 424 1609 citatus
448 1568 512 1609 non
539 1549 728 1630 comparuit.

415 1654 493 1715 ltetn
511 1675 605 1715 causa
630 1656 753 1716 Mareni
778 1669 888 1715 contra
913 1652 1108 1734 Gregorium
1133 1652 1267 1713 voschar
1290 1666 1322 1714 et
1345 1652 1522 1714 Nicolaum
1546 1653 1579 1714 fi·

309 1760 389 1821 lium
415 1759 538 1822 Odolas
563 1760 603 1821 ad
628 1773 776 1821 octavum
802 1759 886 1820 diem
912 1760 952 1821 ad
977 1778 1088 1839 pacem
1110 1772 1156 1820 est
1181 1771 1317 1840 recepta.

416 1866 493 1926 ltem
509 1867 644 1946 Egidius
667 1867 825 1942 sacerdos,
851 1866 1014 1927 lohannes
1038 1865 1180 1926 literatus
1204 1878 1235 1927 et
1258 1865 1378 1926 Paulus
1402 1865 1512 1947 primo
1536 1867 1580 1926 ci·

310 1971 367 2032 tati
393 1992 457 2032 non
487 1986 745 2053 comparuerunt.

419 2078 497 2139 ltem
523 2098 616 2139 causa
649 2077 805 2140 Anthonii
838 2077 954 2138 literati
987 2090 1096 2138 contra
1120 2075 1246 2159 ¹Gyuan
1271 2074 1437 2138 Gallicum
1464 2078 1505 2139 ad
1530 2098 1580 2139 oc·

312 2197 421 2245 tavum
446 2185 531 2245 diem
557 2184 597 2244 ad
620 2203 731 2266 pacem
757 2196 803 2245 est
827 2196 963 2264 recepta.

417 2291 496 2352 ltem
521 2310 614 2351 causa
639 2290 728 2351 Pauli
762 2289 877 2350 literati
910 2302 1019 2350 contra
1045 2287 1209 2371 Glesnyak
1240 2288 1280 2350 ad
1305 2303 1459 2350 octavum
1495 2291 1580 2353 diem

312 2410 358 2456 est
381 2409 562 2478 prorogata.

417 2502 495 2563 ltem
513 2522 607 2562 causa
626 2503 709 2562 Petri
731 2514 840 2562 contra
860 2498 977 2584 Gyuan
994 2501 1034 2562 ad
1052 2514 1201 2562 octavum
1219 2501 1305 2562 diem
1331 2514 1378 2562 est
1394 2517 1578 2584 prorogata.

417 2606 493 2666 ltem
520 2627 612 2667 causa
638 2607 720 2667 Petri
747 2620 855 2668 contra
882 2606 1060 2688 Georgium
1082 2621 1224 2669 sutorem
1249 2607 1289 2668 ad
1313 2622 1467 2670 octavum
1494 2610 1579 2671 diem

311 2725 358 2771 est
381 2728 562 2792 prorogata.

417 2818 496 2879 ltem
522 2837 616 2878 causa
650 2819 868 2898 Kupunouich
900 2834 1010 2880 contra
1043 2819 1220 2902 Symoaem
1252 2821 1428 2882 salivenam
1462 2823 1502 2883 ad
1528 2843 1578 2884 oc-

310 2936 420 2984 tavum
446 2922 531 2984 diem
557 2937 602 2984 est
626 2937 807 3005 prorogata.

417 3030 494 3090 ltem
528 3050 622 3090 causa
656 3032 765 3090 llusko
798 3043 907 3092 contra
932 3031 1016 3092 lvvan
1049 3031 1201 3092 clericum
1234 3032 1274 3092 ad
1306 3044 1459 3093 octavum
1492 3033 1578 3095 diem

313 3149 359 3195 est
383 3150 563 3217 prorogata.

417 3240 494 3301 ltem
526 3241 687 3303 lohannes
718 3242 802 3303 filius
833 3244 916 3304 Petri
949 3257 1059 3305 contra
1085 3241 1279 3324 Gregorium
1312 3256 1427 3305 octavo
1453 3244 1506 3306 die
1532 3266 1577 3306 re·

311 3347 493 3427 spondebit.

415 3451 492 3512 ltem
527 3453 634 3513 Mathe
669 3454 829 3533 gladiator
864 3469 975 3516 contra
1009 3456 1184 3516 Martinum
1215 3455 1322 3537 primo
1359 3456 1475 3518 citatus
1512 3476 1577 3519 non

309 3559 498 3638 comparuit.

416 3662 494 3723 Item
524 3664 589 3744 Syb
615 3664 722 3725 Endre
755 3681 866 3728 contra
892 3668 1071 3728 Fabianum
1104 3668 1266 3729 literatum
1288 3668 1432 3730 secundo
1461 3669 1577 3731 citatus

310 3787 374 3828 non
400 3769 591 3849 comparuit.

416 3873 494 3934 ltem
521 3874 665 3956 Mathyas
683 3890 783 3937 sartor
800 3897 858 3958 pro
876 3879 1008 3939 vulnere
1022 3879 1158 3940 Nicolao
1176 3878 1340 3962 Glesnyak
1364 3900 1466 3962 usque
1484 3882 1578 3963 quin·

310 3978 408 4038 denas
431 3980 575 4059 quinque
600 4000 724 4042 marcas
740 3983 863 4044 solvere
881 3984 977 4046 debet
1001 4000 1031 4046 et
1055 3985 1151 4066 judici
1171 3985 1311 4046 mediam
1330 4004 1492 4063 marcam;
1510 3989 1577 4070 ipse

310 4098 416 4145 autem
443 4085 588 4166 Mathyas
613 4087 731 4148 dictam
756 4109 884 4150 causam
910 4090 949 4150 ad
978 4092 1128 4171 antiquos
1152 4091 1275 4171 judices
1298 4092 1484 4173 appellavit.

416 4189 495 4252 ltem
521 4192 674 4274 Gvurgya
700 4209 813 4255 octavo
839 4196 889 4257 die
920 4198 1062 4258 secundo
1087 4217 1120 4259 se
1150 4217 1244 4279 super
1269 4216 1308 4259 eo
1332 4197 1460 4279 jurabit,
1488 4201 1578 4282 quod

309 4296 376 4377 ipsa
402 4297 586 4379 Philippum
612 4319 717 4380 neque
742 4321 831 4362 suant
856 4318 1037 4364 consortem
1063 4305 1281 4386 vituperasset.

415 4403 492 4464 ltem
520 4405 686 4465 Emerieus
710 4421 798 4466 sutor
822 4422 936 4470 octavo
960 4409 1011 4469 die
1040 4411 1182 4470 secundo
1207 4430 1239 4470 se
1264 4430 1359 4492 super
1384 4429 1423 4471 eo
1447 4410 1578 4490 jurabit,

308 4509 396 4590 quod
421 4509 525 4590 ipsum
551 4512 664 4592 Jatlyn
691 4511 895 4576 vulnerasset.

415 4616 491 4678 ltem
525 4617 657 4678 domina
690 4638 820 4679 consors
844 4620 928 4682 Petri
953 4636 1068 4682 octavo
1102 4623 1152 4682 die
1186 4623 1329 4683 secundo
1353 4642 1385 4683 se
1410 4643 1507 4704 super
1539 4644 1578 4686 eo

306 4719 435 4801 jurabit,
460 4723 548 4803 quod
573 4724 675 4805 ipsam
701 4725 784 4786 livan
810 4728 1017 4790 vulnerasset.
