3404 5362
608 302 694 398 Anao
718 336 813 418 1384.
837 372 879 384 -
902 354 930 402 1.
953 339 1081 400 octobris.

339 553 437 630 Faria
466 566 565 630 sexta
592 561 750 648 proxima
778 564 856 649 post
884 557 1007 630 festum
1040 560 1151 630 sancti
1180 558 1376 648 Mychaelia.

716 693 782 772 (30.
806 691 989 768 septembres).

320 816 398 878 item
429 815 577 898 Mychael
608 815 774 900 Ortoflych
807 830 916 878 contra
956 813 1162 877 Valentinum
1194 827 1309 877 octavo
1349 812 1402 875 die
1438 833 1481 875 re-

213 922 396 1006 spondebit.

321 1028 399 1090 Item
436 1048 530 1090 causa
563 1028 696 1109 Georgii
727 1029 844 1091 sutoris
876 1041 987 1090 contra
1018 1028 1225 1110 Dragonyam
1259 1026 1300 1089 ad
1335 1040 1481 1089 octavum

215 1135 302 1197 diem
327 1136 368 1198 ad
392 1155 504 1218 pacem
529 1148 575 1199 est
603 1149 740 1218 recepta.

320 1241 398 1303 Item
416 1240 578 1323 Georgius
594 1240 665 1303 Ded
682 1256 793 1304 eontra
810 1241 936 1305 Malech
952 1242 1057 1325 primo
1074 1242 1189 1303 citatus
1205 1260 1271 1303 non
1289 1239 1478 1322 comparuit.

322 1347 400 1408 Item
424 1347 571 1430 Philipua
595 1362 704 1410 contra
729 1348 898 1410 mulierem
927 1348 1106 1411 Ceuemam
1140 1347 1245 1431 primo
1277 1346 1394 1409 citatus
1418 1364 1480 1407 non

215 1454 406 1536 comparuit.

322 1561 399 1622 item
424 1560 619 1623 Benedictus
644 1560 829 1642 Moanarigh
864 1575 974 1623 contra
1004 1559 1184 1642 Georgium
1218 1573 1334 1622 octavo
1359 1558 1411 1620 die
1436 1578 1480 1619 re-

215 1667 399 1750 spondebit.

319 1773 398 1836 item
415 1793 508 1834 causa
526 1774 610 1834 iwan
627 1786 658 1834 et
673 1773 836 1834 Valentini
853 1787 962 1834 contra
980 1771 1246 1836 Charancheuich
1270 1770 1310 1833 ad
1328 1786 1478 1833 octavum

214 1881 301 1942 diem
326 1880 366 1941 ad
392 1900 502 1962 pacem
528 1894 574 1942 est
601 1893 737 1962 recepta.

320 1986 398 2048 Item
434 1986 559 2048 Blasius
595 1999 703 2047 contra
739 1985 920 2048 Johannem
959 1985 1074 2047 mlinar
1113 1985 1219 2068 primo
1262 1984 1379 2046 citatus
1415 2003 1478 2046 non

214 2093 406 2175 comparuit.

320 2199 398 2262 Item
423 2199 507 2260 iwan
533 2198 653 2279 juratus
676 2211 785 2260 contra
809 2198 1011 2260 Anthonium
1043 2211 1158 2260 octavo
1183 2197 1235 2258 die
1260 2196 1480 2280 respondebit.

320 2305 399 2367 item
417 2305 585 2367 Ladislaus
608 2305 691 2367 tular
715 2319 824 2367 contra
843 2304 1021 2366 Johannem
1050 2304 1156 2387 primo
1172 2304 1287 2366 citatus
1312 2323 1380 2366 non
1397 2322 1483 2366 com-

215 2412 329 2494 paruit.

323 2519 400 2580 Item
425 2523 517 2579 Anna
544 2518 661 2580 mulier
683 2530 794 2579 contra
812 2518 941 2579 Petrum
959 2517 1030 2578 Mos
1053 2529 1169 2579 octavo
1193 2515 1246 2578 die
1263 2516 1484 2599 respondebit.

320 2624 397 2685 ltem
423 2645 516 2685 causa
535 2623 646 2686 famuli
665 2623 785 2686 Mathie
802 2637 912 2686 contra
937 2622 1076 2684 famulos
1093 2622 1249 2685 iohannis
1272 2622 1314 2684 ad
1331 2636 1483 2685 octavum

214 2728 300 2790 diem
325 2730 365 2791 ad
390 2749 501 2811 pacem
526 2745 573 2791 est
596 2744 732 2810 recepta.

320 2835 397 2897 Item
417 2835 604 2917 Gregorius,
622 2836 803 2918 Stephanus
826 2834 1005 2918 Chaplych‚
1023 2834 1170 2898 Ceuetko
1187 2846 1299 2897 contra
1317 2834 1483 2897 Thomam

215 2954 245 3002 et
269 2941 354 3002 iwan
379 2942 521 3003 secundo
546 2943 630 3004 citati
656 2961 721 3005 non
746 2956 1004 3024 comparuerunt.

320 3048 396 3109 {tem
429 3049 538 3111 Bartol
569 3049 707 3131 lapicida
744 3062 854 3110 contra
890 3047 1087 3109 Damianum
1124 3047 1230 3130 primo
1266 3047 1383 3109 citatus
1420 3067 1486 3109 non

217 3155 407 3237 comparuit.

320 3260 398 3323 ltem
424 3260 584 3344 Georgius
613 3262 715 3326 Sidou
746 3275 856 3324 contra
888 3261 1100 3323 Benedictum
1132 3261 1237 3344 primo
1270 3261 1386 3322 citatus
1420 3279 1486 3322 non

215 3368 404 3448 comparuit.

318 3473 397 3535 ltem
423 3475 525 3536 Lucas
550 3475 634 3537 filius
665 3476 792 3536 Lucasii
826 3488 935 3536 contra
960 3476 1083 3558 Ztoyan
1107 3472 1250 3536 secundo
1275 3474 1391 3535 citatus
1415 3494 1483 3536 non

215 3581 405 3662 mmmmm

319 3686 397 3749 {tem
414 3687 499 3749 idem
519 3689 621 3749 Lucas
638 3702 745 3750 contra
762 3687 900 3750 eundem
916 3689 1040 3770 Ztoyan
1058 3701 1172 3749 octavo
1189 3687 1240 3749 die
1259 3687 1484 3769 respondebit.

323 3792 400 3854 ltem
426 3793 601 3877 End(r)ych
626 3809 740 3855 octavo
773 3794 824 3855 die
848 3794 937 3855 solus
969 3793 1095 3873 jurabit,
1120 3792 1208 3876 quod
1240 3794 1340 3855 boves
1362 3793 1482 3856 Paulas

214 3912 245 3960 et
269 3899 377 3960 Jacobi
403 3900 482 3960 Bole
505 3902 630 3962 milium
655 3920 748 3962 suum
774 3900 1007 3983 depascierunt.

320 4005 398 4068 ltem
415 4006 563 4067 Vrbanus
580 4007 664 4069 filius
685 4007 847 4068 Valentini
865 4020 973 4067 contra
992 4005 1155 4067 Thomam
1173 4005 1205 4066 in
1223 4005 1480 4089 interempcione

215 4112 381 4173 cuiusdam
407 4114 494 4195 porci
520 4113 594 4175 dicti
620 4114 782 4174 Valentini
808 4113 962 4174 innocens
987 4126 1033 4175 est
1057 4127 1210 4194 repertus.

321 4219 398 4282 ltem
424 4238 517 4280 causa
543 4220 629 4302 Span
655 4233 764 4281 contra
782 4221 939 4281 iacobum
957 4218 1129 4302 pellificem
1153 4219 1193 4280 ad
1217 4232 1369 4281 octavum
1396 4220 1483 4282 diem

214 4338 260 4386 est
284 4339 465 4407 prorogata.

663 4441 843 4511 Sabbatum
873 4461 1024 4530 sequens.

736 4576 777 4646 (1.
808 4574 952 4649 octobre).

321 4699 400 4760 ltem
425 4719 519 4760 causa
538 4698 688 4781 Gregorii
712 4697 769 4760 filii
787 4699 925 4760 Plauech
951 4713 980 4760 et
999 4698 1130 4781 Georgii
1157 4697 1212 4759 filii
1237 4697 1322 4759 iwan
1348 4718 1406 4781 per
1423 4719 1481 4761 an·

216 4806 323 4888 tiquos
347 4805 470 4887 judices
494 4806 535 4867 ita
568 4820 614 4868 est
645 4804 795 4886 judicata,
830 4805 917 4886 quod
946 4804 1031 4866 idem
1058 4804 1218 4886 Georgius
1250 4804 1282 4865 in
1295 4803 1484 4886 quindenis
