3404 5362
608 393 804 469 Ann01377.
831 423 870 433 -
896 402 942 468 17.
967 391 1080 464 aprilis.

320 602 399 664 Item
432 601 613 684 Stephanus
640 598 732 663 Cilus
764 613 874 662 contra
906 600 1037 663 Petrum
1062 600 1198 680 longum
1232 600 1338 682 primo
1370 600 1484 662 citatus

213 729 279 772 non
304 708 494 791 comparuit.

316 814 396 876 Item
419 833 512 876 causa
546 812 671 874 Nicolai
703 811 743 875 de
775 811 909 874 Rabuch
944 825 976 874 et
1008 810 1161 893 Stephani
1185 809 1290 873 fratris
1323 810 1483 874 lohannis

213 918 305 982 lerrei
331 934 378 982 est
400 940 457 1004 per
472 918 668 1000 Gregorium
692 918 808 1000 Angeli
833 931 865 981 et
880 918 1073 981 Mauricium
1097 917 1136 980 ad
1161 929 1235 980 octo
1259 917 1328 981 dies
1352 931 1484 1001 recepta

213 1027 255 1089 ad
278 1045 401 1109 pacem.

320 1133 398 1195 ltem
424 1131 575 1213 magister
599 1131 717 1194 Paulus
740 1144 855 1193 octavo
886 1131 938 1193 die
963 1143 1073 1192 contra
1103 1129 1320 1212 Dragozlaum
1344 1148 1401 1211 per
1427 1130 1484 1191 Ni-

214 1239 342 1301 colaum
375 1238 514 1301 condam
545 1237 685 1321 judicem
725 1251 756 1299 et
788 1236 966 1318 Georgium
998 1237 1180 1320 Mylrouche
1211 1236 1360 1299 atestabit
1391 1235 1483 1318 quod

213 1346 319 1428 ipsum
342 1344 580 1427 vituperaverit.

319 1468 398 1530 ltem
422 1467 599 1548 Gregorius
622 1466 662 1530 de
695 1466 808 1529 Lonka
839 1478 949 1529 contra
973 1466 1183 1528 Dominicum
1207 1480 1322 1529 octavo
1346 1465 1399 1528 die
1433 1486 1482 1528 re·

213 1574 396 1658 spondebit.

320 1681 398 1744 ltem
422 1681 574 1742 Nicolaus
598 1677 683 1741 filius
707 1678 834 1742 Crisani
859 1691 968 1742 contra
992 1678 1213 1741 Alexandrum
1236 1678 1342 1762 primo
1367 1678 1483 1741 citatus

215 1806 280 1849 non
306 1786 495 1869 comparuit.

319 1893 397 1956 ltem
422 1893 560 1954 lacobus
583 1906 694 1955 contra
719 1891 897 1974 Georgium
925 1905 1039 1954 octavo
1063 1891 1116 1953 die
1140 1890 1357 1972 respondebit.

319 1999 397 2061 ltem
421 1999 559 2082 Mykech
591 1995 678 2060 filius
702 1999 832 2061 Martini
863 1997 981 2080 jurabit
1008 2009 1123 2060 octavo
1153 1997 1205 2059 die
1229 2016 1325 2080 super
1347 1996 1479 2059 duobus

213 2106 329 2189 porcis.

318 2211 395 2273 ltem
421 2212 533 2273 Marko
557 2211 671 2273 Putani
696 2211 848 2292 magistro
872 2210 974 2272 Paulo
999 2211 1031 2272 in
1056 2209 1229 2293 quindenis
1251 2210 1331 2272 duas
1354 2230 1482 2274 marcas

212 2332 243 2380 et
265 2318 364 2400 judici
389 2316 529 2379 mediam
554 2318 697 2380 exsolvet
719 2331 849 2400 propter
873 2317 963 2399 quod
987 2317 1093 2399 ipsum
1116 2317 1355 2399 vituperaverit.

318 2424 396 2487 ltem
423 2423 604 2506 Stephanus
628 2438 738 2486 contra
755 2424 939 2506 Dragonam
963 2444 996 2485 se
1019 2425 1134 2486 tercius
1151 2437 1266 2486 octavo
1283 2423 1335 2486 die
1359 2422 1482 2504 jurabit

210 2550 305 2612 super
330 2550 379 2609 eo,
404 2529 491 2611 quod
517 2530 584 2612 ipse
609 2551 666 2592 nec
690 2550 746 2592 sua
771 2550 851 2593 uxor
874 2531 982 2612 aliqua
1003 2531 1088 2592 bona
1113 2530 1212 2612 ipsius
1235 2529 1432 2593 habuissent.

318 2635 396 2698 ltem
423 2634 567 2697 Francha
592 2650 701 2698 contra
726 2636 911 2719 Chupinam
943 2650 1058 2698 octavo
1089 2637 1142 2699 die
1167 2656 1200 2699 se
1224 2650 1330 2699 sextus
1361 2635 1483 2716 jurabit

214 2742 247 2803 in
272 2762 322 2822 eo,
345 2741 433 2823 quod
458 2741 527 2823 ipse
551 2761 641 2804 suatn
665 2743 835 2824 pecuniam
859 2764 925 2805 non
950 2742 1112 2805 furaverit.

317 2847 396 2909 ltem
429 2846 606 2929 Gregorius
637 2868 739 2930 usque
771 2848 839 2910 dies
866 2863 940 2912 octo
971 2848 1111 2932 judicem
1136 2862 1167 2910 et
1199 2847 1320 2929 juratos
1350 2847 1480 2930 placare

211 2954 317 3033 debet,
342 2953 488 3035 alioquin
512 2953 637 3036 antiqui
661 2955 784 3037 judices
806 2954 965 3036 justiciam
989 2953 1106 3017 facient
1130 2953 1169 3018 de
1195 2952 1322 3016 eodem.

317 3059 397 3122 ltem
422 3059 569 3123 Geninus
593 3073 703 3122 contra
726 3060 865 3143 judicem
885 3075 1000 3123 octavo
1024 3061 1076 3122 die
1100 3059 1317 3143 respondebit.

317 3184 395 3247 ltem
418 3184 563 3246 Andreas
586 3198 701 3247 octavo
725 3185 777 3246 die
809 3205 841 3247 se
873 3186 990 3248 tercius
1013 3185 1131 3267 jurabit
1154 3184 1187 3246 in
1217 3203 1268 3263 eo,
1292 3184 1380 3266 quod
1407 3185 1478 3268 ipse

210 3289 315 3352 filium
338 3290 429 3352 Pauli
454 3291 564 3373 Kypar
588 3291 619 3351 in
644 3289 725 3353 facie
749 3310 815 3353 non
839 3292 1038 3374 percusserit.

317 3396 393 3459 ltem
420 3398 533 3459 Marko
557 3397 672 3460 Putaui
697 3397 730 3459 in
754 3398 926 3480 quindenis
942 3394 1040 3479 ju'dici
1061 3398 1151 3459 XXV
1175 3417 1297 3460 marcas
1321 3398 1479 3479 exsolvet,

211 3503 287 3585 quia
312 3504 371 3565 sub
395 3523 477 3586 pena
507 3503 647 3585 ipsarum
679 3523 857 3566 marcarum
888 3504 1076 3585 magistrum
1101 3504 1238 3566 Paulum
1271 3504 1477 3586 vituperavit.

318 3624 397 3688 ltem
422 3625 478 3687 Sib
495 3645 596 3708 usque
617 3638 690 3689 octo
715 3626 783 3688 dies
799 3627 895 3689 debet
917 3627 1057 3710 judicem
1075 3639 1106 3689 et
1124 3626 1244 3710 juratos
1261 3627 1476 3709 complacare.

315 3730 393 3792 ltem
419 3730 573 3814 Gyurgelr
597 3745 706 3795 contra
732 3732 896 3795 Geninum
923 3734 1031 3817 primo
1054 3733 1168 3795 citatus
1189 3752 1255 3794 non
1279 3734 1472 3816 comparuit.

316 3836 395 3899 ltem
422 3838 509 3901 Luca
534 3853 644 3901 contra
667 3839 854 3944 magistrum
872 3840 1008 3903 Paulum
1033 3840 1139 3923 primo
1163 3839 1277 3902 citatus
1301 3861 1368 3903 non
1385 3859 1475 3903 corn-

207 3943 323 4026 paruit.

334 4159 432 4235 Faria
460 4171 558 4235 sexta
586 4167 741 4254 proxima
768 4173 846 4255 post
873 4165 1058 4255 quindenas
1085 4165 1190 4238 Pasce
1218 4165 1352 4238 domini.

733 4332 798 4416 (17.
821 4338 950 4414 apriles).

312 4491 422 4554 Primo
446 4491 620 4574 Dragonya
645 4492 843 4576 Stephanum
868 4494 1058 4558 sallivenam
1081 4514 1099 4556 a
1123 4515 1182 4558 suo
1207 4496 1364 4578 premisso
1389 4496 1473 4578 jura-

205 4612 314 4660 mento
339 4597 462 4660 remisit
485 4597 683 4682 expeditum,
707 4600 891 4662 absolutum
916 4613 947 4663 et
969 4620 1027 4684 per
1049 4601 1160 4663 omnia
1183 4599 1392 4667 satisfactum.

310 4720 388 4784 ltem
422 4721 568 4784 Donatus
599 4721 739 4784 condam
769 4722 876 4804 judex,
905 4724 1058 4787 Nicolaus
1090 4724 1214 4787 Odolas
1238 4736 1269 4787 et
1292 4726 1379 4790 lwan
1411 4728 1472 4810 Zy-

203 4826 315 4889 rothke
342 4840 452 4890 contra
476 4828 648 4892 Nicolaum
670 4827 771 4891 filium
794 4829 900 4912 primo
923 4829 1010 4893 citati
1036 4850 1101 4893 non
1127 4848 1387 4915 comparuerunt.
