<?xml version="1.0" encoding="UTF-8"?>
<!DOCTYPE html PUBLIC "-//W3C//DTD XHTML 1.0 Transitional//EN"
    "http://www.w3.org/TR/xhtml1/DTD/xhtml1-transitional.dtd">
<html xmlns="http://www.w3.org/1999/xhtml" xml:lang="en" lang="en">
 <head>
  <title>
</title>
<meta http-equiv="Content-Type" content="text/html;charset=utf-8" />
  <meta name='ocr-system' content='tesseract 3.04.00' />
  <meta name='ocr-capabilities' content='ocr_page ocr_carea ocr_par ocr_line ocrx_word'/>
</head>
<body>
  <div class='ocr_page' id='page_1' title='image "./monumentahistor04laszgoog/monumentahistor04laszgoog_0117.png"; bbox 0 0 3404 5362; ppageno 0'>
   <div class='ocr_carea' id='block_1_1' title="bbox 715 334 1244 416">
    <p class='ocr_par' dir='ltr' id='par_1_1' title="bbox 715 334 1244 416">
     <span class='ocr_line' id='line_1_1' title="bbox 715 334 1244 416; baseline 0 -19"><span class='ocrx_word' id='word_1_1' title='bbox 715 335 909 416; x_wconf 76' lang='lat' dir='ltr'><strong>Ann01576.</strong></span> <span class='ocrx_word' id='word_1_2' title='bbox 935 370 975 381; x_wconf 94' lang='lat'>-</span> <span class='ocrx_word' id='word_1_3' title='bbox 999 334 1051 398; x_wconf 82' lang='lat'><strong>28.</strong></span> <span class='ocrx_word' id='word_1_4' title='bbox 1076 337 1244 398; x_wconf 78' lang='lat' dir='ltr'><em>novembris.</em></span> 
     </span>
    </p>
   </div>
   <div class='ocr_carea' id='block_1_2' title="bbox 352 544 1619 2331">
    <p class='ocr_par' dir='ltr' id='par_1_2' title="bbox 353 544 1616 741">
     <span class='ocr_line' id='line_1_2' title="bbox 460 544 1616 629; baseline -0.007 -16"><span class='ocrx_word' id='word_1_5' title='bbox 460 552 537 613; x_wconf 88' lang='lat' dir='ltr'>Item</span> <span class='ocrx_word' id='word_1_6' title='bbox 563 552 676 613; x_wconf 88' lang='lat' dir='ltr'><strong>Marko</strong></span> <span class='ocrx_word' id='word_1_7' title='bbox 700 549 814 611; x_wconf 84' lang='lat' dir='ltr'><strong>Putaui</strong></span> <span class='ocrx_word' id='word_1_8' title='bbox 845 562 955 610; x_wconf 91' lang='lat' dir='ltr'><strong>contra</strong></span> <span class='ocrx_word' id='word_1_9' title='bbox 980 547 1174 629; x_wconf 89' lang='lat' dir='ltr'><strong>Gregorium</strong></span> <span class='ocrx_word' id='word_1_10' title='bbox 1205 565 1317 608; x_wconf 85' lang='lat' dir='ltr'><strong>voscar</strong></span> <span class='ocrx_word' id='word_1_11' title='bbox 1347 557 1462 608; x_wconf 85' lang='lat' dir='ltr'><strong>octavo</strong></span> <span class='ocrx_word' id='word_1_12' title='bbox 1494 544 1547 606; x_wconf 95' lang='lat' dir='ltr'><strong>die</strong></span> <span class='ocrx_word' id='word_1_13' title='bbox 1571 564 1616 605; x_wconf 92' lang='lat' dir='ltr'><strong>re·</strong></span> 
     </span>
     <span class='ocr_line' id='line_1_3' title="bbox 353 656 536 741; baseline 0 -22"><span class='ocrx_word' id='word_1_14' title='bbox 353 656 536 741; x_wconf 91' lang='lat' dir='ltr'><strong>spondebit.</strong></span> 
     </span>
    </p>

    <p class='ocr_par' dir='ltr' id='par_1_3' title="bbox 354 756 1617 952">
     <span class='ocr_line' id='line_1_4' title="bbox 460 756 1617 842; baseline -0.004 -18"><span class='ocrx_word' id='word_1_15' title='bbox 460 763 538 824; x_wconf 86' lang='lat' dir='ltr'><strong>Item</strong></span> <span class='ocrx_word' id='word_1_16' title='bbox 552 760 672 825; x_wconf 79' lang='lat' dir='ltr'><strong>Mathia</strong></span> <span class='ocrx_word' id='word_1_17' title='bbox 688 759 914 842; x_wconf 90' lang='lat' dir='ltr'><strong>stipendiarius</strong></span> <span class='ocrx_word' id='word_1_18' title='bbox 937 772 1047 822; x_wconf 89' lang='lat' dir='ltr'><strong>contra</strong></span> <span class='ocrx_word' id='word_1_19' title='bbox 1064 758 1251 840; x_wconf 89' lang='lat' dir='ltr'><strong>magistrum</strong></span> <span class='ocrx_word' id='word_1_20' title='bbox 1268 757 1449 820; x_wconf 90' lang='lat' dir='ltr'><strong>Johannem</strong></span> <span class='ocrx_word' id='word_1_21' title='bbox 1465 756 1617 841; x_wconf 78' lang='lat' dir='ltr'>Crispum</span> 
     </span>
     <span class='ocr_line' id='line_1_5' title="bbox 354 866 901 952; baseline -0.004 -21"><span class='ocrx_word' id='word_1_22' title='bbox 354 869 460 952; x_wconf 91' lang='lat' dir='ltr'><strong>primo</strong></span> <span class='ocrx_word' id='word_1_23' title='bbox 485 869 598 931; x_wconf 89' lang='lat' dir='ltr'><strong>citatus</strong></span> <span class='ocrx_word' id='word_1_24' title='bbox 622 887 686 930; x_wconf 89' lang='lat' dir='ltr'><strong>non</strong></span> <span class='ocrx_word' id='word_1_25' title='bbox 711 866 901 949; x_wconf 85' lang='lat' dir='ltr'><strong>comparuit.</strong></span> 
     </span>
    </p>

    <p class='ocr_par' dir='ltr' id='par_1_4' title="bbox 354 967 1619 1163">
     <span class='ocr_line' id='line_1_6' title="bbox 461 967 1619 1056; baseline -0.005 -20"><span class='ocrx_word' id='word_1_26' title='bbox 461 975 539 1037; x_wconf 88' lang='lat' dir='ltr'><strong>item</strong></span> <span class='ocrx_word' id='word_1_27' title='bbox 564 973 724 1056; x_wconf 84' lang='lat' dir='ltr'>Georgius</span> <span class='ocrx_word' id='word_1_28' title='bbox 752 971 970 1055; x_wconf 89' lang='lat' dir='ltr'><strong>carpentarius</strong></span> <span class='ocrx_word' id='word_1_29' title='bbox 994 985 1041 1033; x_wconf 90' lang='lat' dir='ltr'><strong>est</strong></span> <span class='ocrx_word' id='word_1_30' title='bbox 1071 970 1236 1032; x_wconf 87' lang='lat' dir='ltr'><strong>convictus</strong></span> <span class='ocrx_word' id='word_1_31' title='bbox 1259 969 1357 1052; x_wconf 87' lang='lat' dir='ltr'><strong>judici</strong></span> <span class='ocrx_word' id='word_1_32' title='bbox 1385 968 1418 1031; x_wconf 90' lang='lat' dir='ltr'><strong>in</strong></span> <span class='ocrx_word' id='word_1_33' title='bbox 1442 970 1472 1032; x_wconf 86' lang='lat' dir='ltr'>X</span> <span class='ocrx_word' id='word_1_34' title='bbox 1504 967 1619 1032; x_wconf 87' lang='lat' dir='ltr'><strong>marcis</strong></span> 
     </span>
     <span class='ocr_line' id='line_1_7' title="bbox 354 1076 1537 1163; baseline -0.007 -18"><span class='ocrx_word' id='word_1_35' title='bbox 354 1097 385 1145; x_wconf 91' lang='lat' dir='ltr'><strong>et</strong></span> <span class='ocrx_word' id='word_1_36' title='bbox 410 1081 521 1163; x_wconf 86' lang='lat' dir='ltr'><strong>juratis</strong></span> <span class='ocrx_word' id='word_1_37' title='bbox 545 1082 576 1142; x_wconf 92' lang='lat' dir='ltr'><strong>in</strong></span> <span class='ocrx_word' id='word_1_38' title='bbox 602 1100 665 1142; x_wconf 89' lang='lat' dir='ltr'><strong>una</strong></span> <span class='ocrx_word' id='word_1_39' title='bbox 689 1099 795 1142; x_wconf 89' lang='lat' dir='ltr'><strong>marca</strong></span> <span class='ocrx_word' id='word_1_40' title='bbox 819 1079 1026 1142; x_wconf 89' lang='lat' dir='ltr'><strong>denariorum</strong></span> <span class='ocrx_word' id='word_1_41' title='bbox 1049 1091 1180 1161; x_wconf 91' lang='lat' dir='ltr'><strong>propter</strong></span> <span class='ocrx_word' id='word_1_42' title='bbox 1203 1076 1343 1160; x_wconf 89' lang='lat' dir='ltr'><strong>quedam</strong></span> <span class='ocrx_word' id='word_1_43' title='bbox 1367 1076 1537 1158; x_wconf 87' lang='lat' dir='ltr'><strong>vituperia.</strong></span> 
     </span>
    </p>

    <p class='ocr_par' dir='ltr' id='par_1_5' title="bbox 352 1180 1618 1908">
     <span class='ocr_line' id='line_1_8' title="bbox 458 1180 1617 1268; baseline -0.006 -19"><span class='ocrx_word' id='word_1_44' title='bbox 458 1187 535 1249; x_wconf 88' lang='lat' dir='ltr'><strong>item</strong></span> <span class='ocrx_word' id='word_1_45' title='bbox 561 1187 685 1268; x_wconf 87' lang='lat' dir='ltr'><strong>Regina</strong></span> <span class='ocrx_word' id='word_1_46' title='bbox 710 1198 823 1248; x_wconf 88' lang='lat' dir='ltr'><strong>octavo</strong></span> <span class='ocrx_word' id='word_1_47' title='bbox 847 1185 900 1247; x_wconf 89' lang='lat' dir='ltr'><strong>die</strong></span> <span class='ocrx_word' id='word_1_48' title='bbox 924 1198 1033 1246; x_wconf 88' lang='lat' dir='ltr'><strong>contra</strong></span> <span class='ocrx_word' id='word_1_49' title='bbox 1058 1183 1237 1267; x_wconf 78' lang='lat' dir='ltr'>Georgium</span> <span class='ocrx_word' id='word_1_50' title='bbox 1260 1194 1416 1245; x_wconf 76' lang='lat' dir='ltr'><strong>sartorem</strong></span> <span class='ocrx_word' id='word_1_51' title='bbox 1438 1194 1470 1244; x_wconf 88' lang='lat' dir='ltr'><strong>et</strong></span> <span class='ocrx_word' id='word_1_52' title='bbox 1494 1180 1617 1264; x_wconf 89' lang='lat' dir='ltr'><strong>Grego-</strong></span> 
     </span>
     <span class='ocr_line' id='line_1_9' title="bbox 353 1289 1618 1374; baseline -0.006 -19"><span class='ocrx_word' id='word_1_53' title='bbox 353 1294 436 1356; x_wconf 91' lang='lat' dir='ltr'><strong>rium</strong></span> <span class='ocrx_word' id='word_1_54' title='bbox 461 1313 495 1356; x_wconf 89' lang='lat' dir='ltr'><strong>se</strong></span> <span class='ocrx_word' id='word_1_55' title='bbox 518 1293 710 1355; x_wconf 89' lang='lat' dir='ltr'><strong>duodecima</strong></span> <span class='ocrx_word' id='word_1_56' title='bbox 724 1291 842 1374; x_wconf 92' lang='lat' dir='ltr'><strong>jurabit</strong></span> <span class='ocrx_word' id='word_1_57' title='bbox 865 1292 897 1353; x_wconf 91' lang='lat' dir='ltr'><strong>in</strong></span> <span class='ocrx_word' id='word_1_58' title='bbox 921 1310 972 1369; x_wconf 87' lang='lat' dir='ltr'><strong>eo,</strong></span> <span class='ocrx_word' id='word_1_59' title='bbox 993 1290 1081 1372; x_wconf 93' lang='lat' dir='ltr'><strong>quod</strong></span> <span class='ocrx_word' id='word_1_60' title='bbox 1104 1291 1172 1374; x_wconf 88' lang='lat' dir='ltr'><strong>ipsa</strong></span> <span class='ocrx_word' id='word_1_61' title='bbox 1196 1290 1230 1352; x_wconf 91' lang='lat' dir='ltr'><strong>in</strong></span> <span class='ocrx_word' id='word_1_62' title='bbox 1246 1289 1359 1352; x_wconf 91' lang='lat' dir='ltr'><strong>libello</strong></span> <span class='ocrx_word' id='word_1_63' title='bbox 1383 1300 1545 1366; x_wconf 86' lang='lat' dir='ltr'><strong>contenta,</strong></span> <span class='ocrx_word' id='word_1_64' title='bbox 1560 1307 1618 1370; x_wconf 91' lang='lat' dir='ltr'><strong>per</strong></span> 
     </span>
     <span class='ocr_line' id='line_1_10' title="bbox 355 1393 1617 1482; baseline -0.006 -20"><span class='ocrx_word' id='word_1_65' title='bbox 355 1400 442 1482; x_wconf 92' lang='lat' dir='ltr'><strong>ipsos</strong></span> <span class='ocrx_word' id='word_1_66' title='bbox 465 1399 584 1478; x_wconf 86' lang='lat' dir='ltr'><strong>ablato,</strong></span> <span class='ocrx_word' id='word_1_67' title='bbox 608 1398 758 1460; x_wconf 87' lang='lat' dir='ltr'><strong>videlicet</strong></span> <span class='ocrx_word' id='word_1_68' title='bbox 782 1397 847 1459; x_wconf 94' lang='lat' dir='ltr'><strong>duo</strong></span> <span class='ocrx_word' id='word_1_69' title='bbox 871 1397 961 1459; x_wconf 89' lang='lat' dir='ltr'><strong>milia</strong></span> <span class='ocrx_word' id='word_1_70' title='bbox 984 1409 1016 1458; x_wconf 91' lang='lat' dir='ltr'><strong>et</strong></span> <span class='ocrx_word' id='word_1_71' title='bbox 1043 1398 1238 1479; x_wconf 89' lang='lat' dir='ltr'><strong>quingentos</strong></span> <span class='ocrx_word' id='word_1_72' title='bbox 1268 1396 1419 1476; x_wconf 86' lang='lat' dir='ltr'><strong>florenos,</strong></span> <span class='ocrx_word' id='word_1_73' title='bbox 1442 1395 1526 1456; x_wconf 91' lang='lat' dir='ltr'><strong>duos</strong></span> <span class='ocrx_word' id='word_1_74' title='bbox 1549 1393 1617 1456; x_wconf 88' lang='lat' dir='ltr'><strong>bal·</strong></span> 
     </span>
     <span class='ocr_line' id='line_1_11' title="bbox 352 1500 1618 1588; baseline -0.006 -18"><span class='ocrx_word' id='word_1_75' title='bbox 352 1520 432 1587; x_wconf 87' lang='lat' dir='ltr'><strong>teos,</strong></span> <span class='ocrx_word' id='word_1_76' title='bbox 450 1527 567 1569; x_wconf 87' lang='lat' dir='ltr'><strong>novem</strong></span> <span class='ocrx_word' id='word_1_77' title='bbox 584 1506 701 1588; x_wconf 86' lang='lat' dir='ltr'><strong>picaria</strong></span> <span class='ocrx_word' id='word_1_78' title='bbox 718 1517 868 1587; x_wconf 88' lang='lat' dir='ltr'><strong>argentea</strong></span> <span class='ocrx_word' id='word_1_79' title='bbox 885 1516 916 1566; x_wconf 94' lang='lat' dir='ltr'><strong>et</strong></span> <span class='ocrx_word' id='word_1_80' title='bbox 932 1503 994 1566; x_wconf 88' lang='lat' dir='ltr'><strong>alia</strong></span> <span class='ocrx_word' id='word_1_81' title='bbox 1012 1505 1097 1566; x_wconf 94' lang='lat' dir='ltr'><strong>bona</strong></span> <span class='ocrx_word' id='word_1_82' title='bbox 1115 1524 1179 1566; x_wconf 92' lang='lat' dir='ltr'><strong>non</strong></span> <span class='ocrx_word' id='word_1_83' title='bbox 1197 1504 1375 1586; x_wconf 77' lang='lat' dir='ltr'><strong>recepisset,</strong></span> <span class='ocrx_word' id='word_1_84' title='bbox 1392 1522 1458 1565; x_wconf 91' lang='lat' dir='ltr'><strong>non</strong></span> <span class='ocrx_word' id='word_1_85' title='bbox 1474 1500 1618 1579; x_wconf 88' lang='lat' dir='ltr'><strong>haberet,</strong></span> 
     </span>
     <span class='ocr_line' id='line_1_12' title="bbox 353 1608 1617 1694; baseline -0.005 -19"><span class='ocrx_word' id='word_1_86' title='bbox 353 1632 411 1675; x_wconf 90' lang='lat' dir='ltr'><strong>nec</strong></span> <span class='ocrx_word' id='word_1_87' title='bbox 434 1613 527 1675; x_wconf 89' lang='lat' dir='ltr'><strong>sciret</strong></span> <span class='ocrx_word' id='word_1_88' title='bbox 551 1632 616 1694; x_wconf 93' lang='lat' dir='ltr'><strong>quo</strong></span> <span class='ocrx_word' id='word_1_89' title='bbox 633 1611 761 1694; x_wconf 92' lang='lat' dir='ltr'><strong>predica</strong></span> <span class='ocrx_word' id='word_1_90' title='bbox 786 1612 870 1672; x_wconf 88' lang='lat' dir='ltr'><strong>bona</strong></span> <span class='ocrx_word' id='word_1_91' title='bbox 888 1610 1108 1689; x_wconf 88' lang='lat' dir='ltr'><strong>devenissent;</strong></span> <span class='ocrx_word' id='word_1_92' title='bbox 1130 1612 1195 1694; x_wconf 91' lang='lat' dir='ltr'><strong>ipse</strong></span> <span class='ocrx_word' id='word_1_93' title='bbox 1212 1623 1322 1673; x_wconf 87' lang='lat' dir='ltr'><strong>autem</strong></span> <span class='ocrx_word' id='word_1_94' title='bbox 1338 1608 1499 1691; x_wconf 79' lang='lat' dir='ltr'><strong>Georgius</strong></span> <span class='ocrx_word' id='word_1_95' title='bbox 1514 1621 1617 1670; x_wconf 84' lang='lat' dir='ltr'><strong>sartor</strong></span> 
     </span>
     <span class='ocr_line' id='line_1_13' title="bbox 354 1713 1616 1801; baseline -0.005 -19"><span class='ocrx_word' id='word_1_96' title='bbox 354 1733 385 1782; x_wconf 91' lang='lat' dir='ltr'><strong>et</strong></span> <span class='ocrx_word' id='word_1_97' title='bbox 409 1718 585 1801; x_wconf 82' lang='lat' dir='ltr'><strong>Gregorius</strong></span> <span class='ocrx_word' id='word_1_98' title='bbox 609 1719 710 1801; x_wconf 89' lang='lat' dir='ltr'><strong>ipsam</strong></span> <span class='ocrx_word' id='word_1_99' title='bbox 733 1737 861 1779; x_wconf 90' lang='lat' dir='ltr'><strong>causam</strong></span> <span class='ocrx_word' id='word_1_100' title='bbox 885 1717 925 1778; x_wconf 93' lang='lat' dir='ltr'><strong>ad</strong></span> <span class='ocrx_word' id='word_1_101' title='bbox 949 1717 1099 1798; x_wconf 88' lang='lat' dir='ltr'><strong>antiquos</strong></span> <span class='ocrx_word' id='word_1_102' title='bbox 1115 1717 1237 1799; x_wconf 87' lang='lat' dir='ltr'><strong>judices</strong></span> <span class='ocrx_word' id='word_1_103' title='bbox 1260 1715 1464 1800; x_wconf 89' lang='lat' dir='ltr'><strong>appellarunt</strong></span> <span class='ocrx_word' id='word_1_104' title='bbox 1486 1713 1528 1775; x_wconf 88' lang='lat' dir='ltr'><strong>ad</strong></span> <span class='ocrx_word' id='word_1_105' title='bbox 1545 1714 1616 1776; x_wconf 85' lang='lat' dir='ltr'><strong>sab·</strong></span> 
     </span>
     <span class='ocr_line' id='line_1_14' title="bbox 354 1823 988 1908; baseline -0.002 -21"><span class='ocrx_word' id='word_1_106' title='bbox 354 1825 464 1887; x_wconf 89' lang='lat' dir='ltr'><strong>batum</strong></span> <span class='ocrx_word' id='word_1_107' title='bbox 488 1825 671 1908; x_wconf 86' lang='lat' dir='ltr'><strong>proximum</strong></span> <span class='ocrx_word' id='word_1_108' title='bbox 698 1843 783 1885; x_wconf 89' lang='lat' dir='ltr'><strong>nunc</strong></span> <span class='ocrx_word' id='word_1_109' title='bbox 807 1823 988 1886; x_wconf 89' lang='lat' dir='ltr'><strong>instantem.</strong></span> 
     </span>
    </p>

    <p class='ocr_par' dir='ltr' id='par_1_6' title="bbox 353 1926 1617 2120">
     <span class='ocr_line' id='line_1_15' title="bbox 460 1926 1617 1993; baseline -0.003 -1"><span class='ocrx_word' id='word_1_110' title='bbox 460 1932 538 1993; x_wconf 90' lang='lat' dir='ltr'><strong>Item</strong></span> <span class='ocrx_word' id='word_1_111' title='bbox 562 1931 715 1992; x_wconf 90' lang='lat' dir='ltr'><strong>Nicolaus</strong></span> <span class='ocrx_word' id='word_1_112' title='bbox 739 1942 849 1992; x_wconf 91' lang='lat' dir='ltr'><strong>contra</strong></span> <span class='ocrx_word' id='word_1_113' title='bbox 874 1928 1052 1992; x_wconf 78' lang='lat' dir='ltr'><strong>iohannem</strong></span> <span class='ocrx_word' id='word_1_114' title='bbox 1078 1928 1265 1991; x_wconf 88' lang='lat' dir='ltr'><strong>chhinich</strong></span> <span class='ocrx_word' id='word_1_115' title='bbox 1296 1929 1328 1990; x_wconf 90' lang='lat' dir='ltr'><strong>in</strong></span> <span class='ocrx_word' id='word_1_116' title='bbox 1352 1928 1540 1990; x_wconf 89' lang='lat' dir='ltr'><strong>testimonio</strong></span> <span class='ocrx_word' id='word_1_117' title='bbox 1562 1926 1617 1988; x_wconf 91' lang='lat' dir='ltr'><strong>de·</strong></span> 
     </span>
     <span class='ocr_line' id='line_1_16' title="bbox 353 2032 1565 2120; baseline -0.002 -20"><span class='ocrx_word' id='word_1_118' title='bbox 353 2036 438 2118; x_wconf 85' lang='lat' dir='ltr'><strong>fecit,</strong></span> <span class='ocrx_word' id='word_1_119' title='bbox 462 2057 538 2120; x_wconf 89' lang='lat' dir='ltr'><strong>ergo</strong></span> <span class='ocrx_word' id='word_1_120' title='bbox 563 2036 725 2118; x_wconf 90' lang='lat' dir='ltr'><strong>quandam</strong></span> <span class='ocrx_word' id='word_1_121' title='bbox 750 2036 878 2097; x_wconf 86' lang='lat' dir='ltr'><strong>vineam</strong></span> <span class='ocrx_word' id='word_1_122' title='bbox 902 2035 962 2097; x_wconf 89' lang='lat' dir='ltr'><strong>sibi</strong></span> <span class='ocrx_word' id='word_1_123' title='bbox 986 2056 1044 2118; x_wconf 88' lang='lat' dir='ltr'><strong>per</strong></span> <span class='ocrx_word' id='word_1_124' title='bbox 1068 2036 1173 2119; x_wconf 91' lang='lat' dir='ltr'><strong>ipsum</strong></span> <span class='ocrx_word' id='word_1_125' title='bbox 1197 2036 1390 2118; x_wconf 81' lang='lat' dir='ltr'><strong>assignatam</strong></span> <span class='ocrx_word' id='word_1_126' title='bbox 1412 2032 1565 2117; x_wconf 86' lang='lat' dir='ltr'><strong>perdidit.</strong></span> 
     </span>
    </p>

    <p class='ocr_par' dir='ltr' id='par_1_7' title="bbox 353 2138 1617 2331">
     <span class='ocr_line' id='line_1_17' title="bbox 459 2138 1617 2224; baseline -0.004 -18"><span class='ocrx_word' id='word_1_127' title='bbox 459 2145 535 2206; x_wconf 89' lang='lat' dir='ltr'><strong>Item</strong></span> <span class='ocrx_word' id='word_1_128' title='bbox 561 2142 727 2204; x_wconf 86' lang='lat' dir='ltr'><strong>Heremita</strong></span> <span class='ocrx_word' id='word_1_129' title='bbox 750 2155 857 2205; x_wconf 92' lang='lat' dir='ltr'><strong>sancte</strong></span> <span class='ocrx_word' id='word_1_130' title='bbox 877 2143 977 2205; x_wconf 90' lang='lat' dir='ltr'><strong>Marie</strong></span> <span class='ocrx_word' id='word_1_131' title='bbox 1001 2155 1115 2204; x_wconf 87' lang='lat' dir='ltr'><strong>octavo</strong></span> <span class='ocrx_word' id='word_1_132' title='bbox 1146 2142 1199 2204; x_wconf 95' lang='lat' dir='ltr'><strong>die</strong></span> <span class='ocrx_word' id='word_1_133' title='bbox 1230 2140 1348 2224; x_wconf 82' lang='lat' dir='ltr'><strong>jurabit</strong></span> <span class='ocrx_word' id='word_1_134' title='bbox 1371 2153 1402 2202; x_wconf 94' lang='lat' dir='ltr'><strong>et</strong></span> <span class='ocrx_word' id='word_1_135' title='bbox 1431 2138 1473 2202; x_wconf 91' lang='lat' dir='ltr'><strong>de</strong></span> <span class='ocrx_word' id='word_1_136' title='bbox 1495 2158 1617 2222; x_wconf 88' lang='lat' dir='ltr'><strong>genero</strong></span> 
     </span>
     <span class='ocr_line' id='line_1_18' title="bbox 353 2247 1067 2331; baseline -0.004 -18"><span class='ocrx_word' id='word_1_137' title='bbox 353 2250 517 2314; x_wconf 87' lang='lat' dir='ltr'><strong>Sininiche</strong></span> <span class='ocrx_word' id='word_1_138' title='bbox 541 2249 601 2311; x_wconf 91' lang='lat' dir='ltr'><strong>sibi</strong></span> <span class='ocrx_word' id='word_1_139' title='bbox 625 2248 784 2330; x_wconf 86' lang='lat' dir='ltr'><strong>justiciam</strong></span> <span class='ocrx_word' id='word_1_140' title='bbox 808 2247 1067 2331; x_wconf 88' lang='lat' dir='ltr'><strong>inpenderemus.</strong></span> 
     </span>
    </p>
   </div>
   <div class='ocr_carea' id='block_1_3' title="bbox 423 2466 1547 2700">
    <p class='ocr_par' dir='ltr' id='par_1_8' title="bbox 423 2466 1547 2700">
     <span class='ocr_line' id='line_1_19' title="bbox 423 2466 1547 2559; baseline -0.004 -18"><span class='ocrx_word' id='word_1_141' title='bbox 423 2467 521 2543; x_wconf 84' lang='lat' dir='ltr'><strong>Feria</strong></span> <span class='ocrx_word' id='word_1_142' title='bbox 548 2476 648 2543; x_wconf 83' lang='lat' dir='ltr'><strong>sexta</strong></span> <span class='ocrx_word' id='word_1_143' title='bbox 675 2471 831 2559; x_wconf 83' lang='lat' dir='ltr'><strong>proxima</strong></span> <span class='ocrx_word' id='word_1_144' title='bbox 859 2475 937 2541; x_wconf 87' lang='lat' dir='ltr'><strong>ante</strong></span> <span class='ocrx_word' id='word_1_145' title='bbox 960 2468 1085 2541; x_wconf 83' lang='lat' dir='ltr'><strong>festam</strong></span> <span class='ocrx_word' id='word_1_146' title='bbox 1112 2468 1202 2540; x_wconf 84' lang='lat' dir='ltr'><strong>beati</strong></span> <span class='ocrx_word' id='word_1_147' title='bbox 1230 2466 1362 2540; x_wconf 79' lang='lat' dir='ltr'><strong>hadrec</strong></span> <span class='ocrx_word' id='word_1_148' title='bbox 1388 2466 1547 2556; x_wconf 85' lang='lat' dir='ltr'><strong>apostoli.</strong></span> 
     </span>
     <span class='ocr_line' id='line_1_20' title="bbox 836 2616 1112 2700; baseline 0.011 -22"><span class='ocrx_word' id='word_1_149' title='bbox 836 2616 905 2700; x_wconf 80' lang='lat'><strong>(28.</strong></span> <span class='ocrx_word' id='word_1_150' title='bbox 928 2621 1112 2696; x_wconf 79' lang='lat' dir='ltr'><strong>novembris).</strong></span> 
     </span>
    </p>
   </div>
   <div class='ocr_carea' id='block_1_4' title="bbox 351 2758 1620 4650">
    <p class='ocr_par' dir='ltr' id='par_1_9' title="bbox 354 2758 1616 2952">
     <span class='ocr_line' id='line_1_21' title="bbox 459 2758 1616 2841; baseline 0.001 -20"><span class='ocrx_word' id='word_1_151' title='bbox 459 2760 568 2822; x_wconf 87' lang='lat' dir='ltr'><strong>Primo</strong></span> <span class='ocrx_word' id='word_1_152' title='bbox 585 2758 739 2821; x_wconf 88' lang='lat' dir='ltr'><strong>Nicolaus</strong></span> <span class='ocrx_word' id='word_1_153' title='bbox 754 2758 839 2820; x_wconf 89' lang='lat' dir='ltr'><strong>filius</strong></span> <span class='ocrx_word' id='word_1_154' title='bbox 855 2760 979 2822; x_wconf 90' lang='lat' dir='ltr'><strong>Nicolai</strong></span> <span class='ocrx_word' id='word_1_155' title='bbox 1005 2759 1121 2841; x_wconf 84' lang='lat' dir='ltr'><strong>jurabit</strong></span> <span class='ocrx_word' id='word_1_156' title='bbox 1137 2772 1251 2822; x_wconf 89' lang='lat' dir='ltr'><strong>octavo</strong></span> <span class='ocrx_word' id='word_1_157' title='bbox 1268 2758 1320 2820; x_wconf 89' lang='lat' dir='ltr'><strong>die</strong></span> <span class='ocrx_word' id='word_1_158' title='bbox 1337 2771 1448 2821; x_wconf 91' lang='lat' dir='ltr'><strong>contra</strong></span> <span class='ocrx_word' id='word_1_159' title='bbox 1471 2758 1616 2822; x_wconf 89' lang='lat' dir='ltr'><strong>relictam</strong></span> 
     </span>
     <span class='ocr_line' id='line_1_22' title="bbox 354 2864 1573 2952; baseline -0.002 -21"><span class='ocrx_word' id='word_1_160' title='bbox 354 2867 510 2952; x_wconf 88' lang='lat' dir='ltr'><strong>Mykeche</strong></span> <span class='ocrx_word' id='word_1_161' title='bbox 533 2885 628 2949; x_wconf 91' lang='lat' dir='ltr'><strong>super</strong></span> <span class='ocrx_word' id='word_1_162' title='bbox 651 2865 762 2927; x_wconf 92' lang='lat' dir='ltr'><strong>debito</strong></span> <span class='ocrx_word' id='word_1_163' title='bbox 786 2866 883 2927; x_wconf 90' lang='lat' dir='ltr'><strong>trium</strong></span> <span class='ocrx_word' id='word_1_164' title='bbox 907 2867 1099 2928; x_wconf 91' lang='lat' dir='ltr'><strong>cubulorum</strong></span> <span class='ocrx_word' id='word_1_165' title='bbox 1128 2864 1279 2928; x_wconf 77' lang='lat' dir='ltr'><strong>frumenti</strong></span> <span class='ocrx_word' id='word_1_166' title='bbox 1305 2865 1455 2928; x_wconf 87' lang='lat' dir='ltr'><strong>etunius</strong></span> <span class='ocrx_word' id='word_1_167' title='bbox 1478 2865 1573 2930; x_wconf 89' lang='lat' dir='ltr'><strong>lardi.</strong></span> 
     </span>
    </p>

    <p class='ocr_par' dir='ltr' id='par_1_10' title="bbox 351 2971 1617 3268">
     <span class='ocr_line' id='line_1_23' title="bbox 459 2971 1617 3054; baseline -0.001 -19"><span class='ocrx_word' id='word_1_168' title='bbox 459 2973 537 3035; x_wconf 86' lang='lat' dir='ltr'><strong>Item</strong></span> <span class='ocrx_word' id='word_1_169' title='bbox 560 2992 654 3034; x_wconf 89' lang='lat' dir='ltr'><strong>causa</strong></span> <span class='ocrx_word' id='word_1_170' title='bbox 678 2972 807 3033; x_wconf 89' lang='lat' dir='ltr'><strong>Thome</strong></span> <span class='ocrx_word' id='word_1_171' title='bbox 840 2972 1041 3054; x_wconf 88' lang='lat' dir='ltr'><strong>calcariparis</strong></span> <span class='ocrx_word' id='word_1_172' title='bbox 1072 2985 1103 3034; x_wconf 90' lang='lat' dir='ltr'><strong>et</strong></span> <span class='ocrx_word' id='word_1_173' title='bbox 1130 2971 1259 3033; x_wconf 84' lang='lat' dir='ltr'><strong>Andree</strong></span> <span class='ocrx_word' id='word_1_174' title='bbox 1283 2972 1332 3033; x_wconf 93' lang='lat' dir='ltr'><strong>sui</strong></span> <span class='ocrx_word' id='word_1_175' title='bbox 1356 2971 1547 3034; x_wconf 87' lang='lat' dir='ltr'><strong>mercenarii</strong></span> <span class='ocrx_word' id='word_1_176' title='bbox 1571 2985 1617 3035; x_wconf 91' lang='lat' dir='ltr'><strong>est</strong></span> 
     </span>
     <span class='ocr_line' id='line_1_24' title="bbox 351 3076 1617 3164; baseline -0.002 -22"><span class='ocrx_word' id='word_1_177' title='bbox 351 3100 409 3164; x_wconf 89' lang='lat' dir='ltr'><strong>per</strong></span> <span class='ocrx_word' id='word_1_178' title='bbox 444 3077 606 3141; x_wconf 87' lang='lat' dir='ltr'><strong>Thomam</strong></span> <span class='ocrx_word' id='word_1_179' title='bbox 638 3076 824 3160; x_wconf 90' lang='lat' dir='ltr'><strong>selliparum</strong></span> <span class='ocrx_word' id='word_1_180' title='bbox 856 3091 888 3139; x_wconf 93' lang='lat' dir='ltr'><strong>et</strong></span> <span class='ocrx_word' id='word_1_181' title='bbox 912 3076 1019 3140; x_wconf 89' lang='lat' dir='ltr'><strong>Mathe</strong></span> <span class='ocrx_word' id='word_1_182' title='bbox 1047 3089 1189 3139; x_wconf 89' lang='lat' dir='ltr'><strong>sutorem</strong></span> <span class='ocrx_word' id='word_1_183' title='bbox 1218 3076 1259 3139; x_wconf 92' lang='lat' dir='ltr'><strong>ad</strong></span> <span class='ocrx_word' id='word_1_184' title='bbox 1283 3091 1357 3140; x_wconf 90' lang='lat' dir='ltr'><strong>octo</strong></span> <span class='ocrx_word' id='word_1_185' title='bbox 1388 3077 1459 3140; x_wconf 89' lang='lat' dir='ltr'><strong>dies</strong></span> <span class='ocrx_word' id='word_1_186' title='bbox 1488 3091 1617 3163; x_wconf 88' lang='lat' dir='ltr'><strong>recepta</strong></span> 
     </span>
     <span class='ocr_line' id='line_1_25' title="bbox 351 3185 538 3268; baseline 0.005 -21"><span class='ocrx_word' id='word_1_187' title='bbox 351 3185 392 3247; x_wconf 90' lang='lat' dir='ltr'><strong>ad</strong></span> <span class='ocrx_word' id='word_1_188' title='bbox 415 3204 538 3268; x_wconf 91' lang='lat' dir='ltr'><strong>pacem.</strong></span> 
     </span>
    </p>

    <p class='ocr_par' dir='ltr' id='par_1_11' title="bbox 352 3289 1617 3480">
     <span class='ocr_line' id='line_1_26' title="bbox 458 3289 1617 3375; baseline 0.003 -23"><span class='ocrx_word' id='word_1_189' title='bbox 458 3290 537 3352; x_wconf 84' lang='lat' dir='ltr'><strong>Item</strong></span> <span class='ocrx_word' id='word_1_190' title='bbox 561 3309 655 3351; x_wconf 89' lang='lat' dir='ltr'><strong>causa</strong></span> <span class='ocrx_word' id='word_1_191' title='bbox 678 3289 804 3351; x_wconf 88' lang='lat' dir='ltr'><strong>Lucasii</strong></span> <span class='ocrx_word' id='word_1_192' title='bbox 836 3289 982 3372; x_wconf 83' lang='lat' dir='ltr'><strong>pellihcis</strong></span> <span class='ocrx_word' id='word_1_193' title='bbox 1006 3303 1037 3351; x_wconf 90' lang='lat' dir='ltr'><strong>et</strong></span> <span class='ocrx_word' id='word_1_194' title='bbox 1069 3290 1239 3352; x_wconf 89' lang='lat' dir='ltr'><strong>Laurencii</strong></span> <span class='ocrx_word' id='word_1_195' title='bbox 1269 3290 1364 3374; x_wconf 91' lang='lat' dir='ltr'><strong>jurati</strong></span> <span class='ocrx_word' id='word_1_196' title='bbox 1388 3304 1435 3354; x_wconf 91' lang='lat' dir='ltr'><strong>est</strong></span> <span class='ocrx_word' id='word_1_197' title='bbox 1458 3310 1515 3375; x_wconf 89' lang='lat' dir='ltr'><strong>per</strong></span> <span class='ocrx_word' id='word_1_198' title='bbox 1547 3291 1617 3355; x_wconf 88' lang='lat' dir='ltr'><strong>Ste-</strong></span> 
     </span>
     <span class='ocr_line' id='line_1_27' title="bbox 352 3394 1449 3480; baseline 0.001 -22"><span class='ocrx_word' id='word_1_199' title='bbox 352 3394 496 3480; x_wconf 87' lang='lat' dir='ltr'><strong>phanum</strong></span> <span class='ocrx_word' id='word_1_200' title='bbox 521 3409 551 3457; x_wconf 90' lang='lat' dir='ltr'><strong>et</strong></span> <span class='ocrx_word' id='word_1_201' title='bbox 576 3396 731 3457; x_wconf 90' lang='lat' dir='ltr'><strong>Jacobum</strong></span> <span class='ocrx_word' id='word_1_202' title='bbox 757 3394 834 3456; x_wconf 92' lang='lat' dir='ltr'><strong>Bole</strong></span> <span class='ocrx_word' id='word_1_203' title='bbox 859 3395 900 3456; x_wconf 90' lang='lat' dir='ltr'><strong>ad</strong></span> <span class='ocrx_word' id='word_1_204' title='bbox 924 3408 997 3458; x_wconf 93' lang='lat' dir='ltr'><strong>octo</strong></span> <span class='ocrx_word' id='word_1_205' title='bbox 1021 3395 1089 3457; x_wconf 91' lang='lat' dir='ltr'><strong>dies</strong></span> <span class='ocrx_word' id='word_1_206' title='bbox 1112 3410 1238 3479; x_wconf 86' lang='lat' dir='ltr'><strong>recepta</strong></span> <span class='ocrx_word' id='word_1_207' title='bbox 1261 3398 1301 3459; x_wconf 94' lang='lat' dir='ltr'><strong>ad</strong></span> <span class='ocrx_word' id='word_1_208' title='bbox 1325 3416 1449 3480; x_wconf 91' lang='lat' dir='ltr'><strong>pacem.</strong></span> 
     </span>
    </p>

    <p class='ocr_par' dir='ltr' id='par_1_12' title="bbox 352 3501 1617 3690">
     <span class='ocr_line' id='line_1_28' title="bbox 458 3501 1617 3568; baseline 0.004 -6"><span class='ocrx_word' id='word_1_209' title='bbox 458 3502 536 3563; x_wconf 87' lang='lat' dir='ltr'><strong>Item</strong></span> <span class='ocrx_word' id='word_1_210' title='bbox 561 3501 657 3563; x_wconf 89' lang='lat' dir='ltr'><strong>Clara</strong></span> <span class='ocrx_word' id='word_1_211' title='bbox 673 3520 753 3562; x_wconf 88' lang='lat' dir='ltr'><strong>uxor</strong></span> <span class='ocrx_word' id='word_1_212' title='bbox 777 3501 932 3562; x_wconf 88' lang='lat' dir='ltr'><strong>Johannis</strong></span> <span class='ocrx_word' id='word_1_213' title='bbox 948 3515 1061 3563; x_wconf 86' lang='lat' dir='ltr'><strong>octavo</strong></span> <span class='ocrx_word' id='word_1_214' title='bbox 1079 3501 1131 3565; x_wconf 93' lang='lat' dir='ltr'><strong>die</strong></span> <span class='ocrx_word' id='word_1_215' title='bbox 1155 3522 1188 3564; x_wconf 88' lang='lat' dir='ltr'><strong>se</strong></span> <span class='ocrx_word' id='word_1_216' title='bbox 1204 3504 1301 3566; x_wconf 90' lang='lat' dir='ltr'><strong>tercia</strong></span> <span class='ocrx_word' id='word_1_217' title='bbox 1325 3516 1436 3566; x_wconf 91' lang='lat' dir='ltr'><strong>contra</strong></span> <span class='ocrx_word' id='word_1_218' title='bbox 1454 3504 1617 3568; x_wconf 89' lang='lat' dir='ltr'><strong>Marinam</strong></span> 
     </span>
     <span class='ocr_line' id='line_1_29' title="bbox 352 3605 1339 3690; baseline 0.002 -20"><span class='ocrx_word' id='word_1_219' title='bbox 352 3606 469 3690; x_wconf 86' lang='lat' dir='ltr'><strong>jurabit</strong></span> <span class='ocrx_word' id='word_1_220' title='bbox 491 3626 586 3688; x_wconf 88' lang='lat' dir='ltr'><strong>super</strong></span> <span class='ocrx_word' id='word_1_221' title='bbox 608 3605 729 3668; x_wconf 86' lang='lat' dir='ltr'><strong>furtum</strong></span> <span class='ocrx_word' id='word_1_222' title='bbox 753 3606 902 3668; x_wconf 89' lang='lat' dir='ltr'><strong>undecim</strong></span> <span class='ocrx_word' id='word_1_223' title='bbox 927 3627 1097 3689; x_wconf 88' lang='lat' dir='ltr'><strong>pensarum</strong></span> <span class='ocrx_word' id='word_1_224' title='bbox 1121 3608 1339 3673; x_wconf 89' lang='lat' dir='ltr'><strong>denariorum.</strong></span> 
     </span>
    </p>

    <p class='ocr_par' dir='ltr' id='par_1_13' title="bbox 354 3712 1618 3903">
     <span class='ocr_line' id='line_1_30' title="bbox 459 3712 1618 3800; baseline 0.007 -27"><span class='ocrx_word' id='word_1_225' title='bbox 459 3712 537 3774; x_wconf 87' lang='lat' dir='ltr'><strong>Item</strong></span> <span class='ocrx_word' id='word_1_226' title='bbox 561 3732 655 3774; x_wconf 89' lang='lat' dir='ltr'><strong>causa</strong></span> <span class='ocrx_word' id='word_1_227' title='bbox 679 3713 761 3775; x_wconf 89' lang='lat' dir='ltr'><strong>Petri</strong></span> <span class='ocrx_word' id='word_1_228' title='bbox 787 3713 960 3775; x_wconf 88' lang='lat' dir='ltr'><strong>sacerdotis</strong></span> <span class='ocrx_word' id='word_1_229' title='bbox 983 3728 1014 3776; x_wconf 96' lang='lat' dir='ltr'><strong>et</strong></span> <span class='ocrx_word' id='word_1_230' title='bbox 1041 3714 1191 3798; x_wconf 91' lang='lat' dir='ltr'><strong>Dyonisii</strong></span> <span class='ocrx_word' id='word_1_231' title='bbox 1214 3716 1330 3780; x_wconf 90' lang='lat' dir='ltr'><strong>sutoris</strong></span> <span class='ocrx_word' id='word_1_232' title='bbox 1353 3729 1400 3779; x_wconf 88' lang='lat' dir='ltr'><strong>est</strong></span> <span class='ocrx_word' id='word_1_233' title='bbox 1424 3735 1483 3800; x_wconf 89' lang='lat' dir='ltr'><strong>per</strong></span> <span class='ocrx_word' id='word_1_234' title='bbox 1506 3715 1618 3781; x_wconf 81' lang='lat' dir='ltr'><strong>Mathe</strong></span> 
     </span>
     <span class='ocr_line' id='line_1_31' title="bbox 354 3818 1124 3903; baseline 0.005 -24"><span class='ocrx_word' id='word_1_235' title='bbox 354 3818 512 3880; x_wconf 85' lang='lat' dir='ltr'><strong>decanum</strong></span> <span class='ocrx_word' id='word_1_236' title='bbox 536 3818 575 3879; x_wconf 91' lang='lat' dir='ltr'><strong>ad</strong></span> <span class='ocrx_word' id='word_1_237' title='bbox 600 3832 673 3880; x_wconf 92' lang='lat' dir='ltr'><strong>octo</strong></span> <span class='ocrx_word' id='word_1_238' title='bbox 697 3819 766 3880; x_wconf 88' lang='lat' dir='ltr'><strong>dies</strong></span> <span class='ocrx_word' id='word_1_239' title='bbox 789 3833 915 3902; x_wconf 87' lang='lat' dir='ltr'><strong>recepta</strong></span> <span class='ocrx_word' id='word_1_240' title='bbox 939 3820 977 3881; x_wconf 90' lang='lat' dir='ltr'><strong>ad</strong></span> <span class='ocrx_word' id='word_1_241' title='bbox 1002 3839 1124 3903; x_wconf 91' lang='lat' dir='ltr'><strong>pacem.</strong></span> 
     </span>
    </p>

    <p class='ocr_par' dir='ltr' id='par_1_14' title="bbox 460 3923 1618 4011">
     <span class='ocr_line' id='line_1_32' title="bbox 460 3923 1618 4011; baseline 0.008 -25"><span class='ocrx_word' id='word_1_242' title='bbox 460 3925 536 3986; x_wconf 87' lang='lat' dir='ltr'><strong>item</strong></span> <span class='ocrx_word' id='word_1_243' title='bbox 555 3925 673 3987; x_wconf 88' lang='lat' dir='ltr'><strong>Paulus</strong></span> <span class='ocrx_word' id='word_1_244' title='bbox 697 3923 836 3987; x_wconf 84' lang='lat' dir='ltr'><strong>carnifex</strong></span> <span class='ocrx_word' id='word_1_245' title='bbox 854 3939 963 3988; x_wconf 89' lang='lat' dir='ltr'><strong>contra</strong></span> <span class='ocrx_word' id='word_1_246' title='bbox 981 3927 1184 4010; x_wconf 89' lang='lat' dir='ltr'><strong>Damyanum</strong></span> <span class='ocrx_word' id='word_1_247' title='bbox 1201 3942 1315 3991; x_wconf 87' lang='lat' dir='ltr'><strong>octavo</strong></span> <span class='ocrx_word' id='word_1_248' title='bbox 1328 3928 1379 3991; x_wconf 91' lang='lat' dir='ltr'><strong>die</strong></span> <span class='ocrx_word' id='word_1_249' title='bbox 1397 3929 1618 4011; x_wconf 90' lang='lat' dir='ltr'><strong>respondebit.</strong></span> 
     </span>
    </p>

    <p class='ocr_par' dir='ltr' id='par_1_15' title="bbox 351 4031 1618 4307">
     <span class='ocr_line' id='line_1_33' title="bbox 460 4031 1617 4120; baseline 0.006 -28"><span class='ocrx_word' id='word_1_250' title='bbox 460 4031 538 4093; x_wconf 86' lang='lat' dir='ltr'><strong>Item</strong></span> <span class='ocrx_word' id='word_1_251' title='bbox 563 4051 657 4093; x_wconf 89' lang='lat' dir='ltr'><strong>causa</strong></span> <span class='ocrx_word' id='word_1_252' title='bbox 681 4032 823 4115; x_wconf 89' lang='lat' dir='ltr'><strong>magistri</strong></span> <span class='ocrx_word' id='word_1_253' title='bbox 842 4033 996 4094; x_wconf 88' lang='lat' dir='ltr'><strong>Johannis</strong></span> <span class='ocrx_word' id='word_1_254' title='bbox 1021 4032 1127 4117; x_wconf 90' lang='lat' dir='ltr'><strong>Crispi</strong></span> <span class='ocrx_word' id='word_1_255' title='bbox 1152 4050 1183 4098; x_wconf 88' lang='lat' dir='ltr'><strong>et</strong></span> <span class='ocrx_word' id='word_1_256' title='bbox 1199 4035 1296 4097; x_wconf 88' lang='lat' dir='ltr'><strong>Marci</strong></span> <span class='ocrx_word' id='word_1_257' title='bbox 1321 4034 1378 4098; x_wconf 89' lang='lat' dir='ltr'><strong>filii</strong></span> <span class='ocrx_word' id='word_1_258' title='bbox 1402 4035 1540 4120; x_wconf 88' lang='lat' dir='ltr'><strong>Mykech</strong></span> <span class='ocrx_word' id='word_1_259' title='bbox 1557 4036 1617 4100; x_wconf 90' lang='lat' dir='ltr'><strong>filii</strong></span> 
     </span>
     <span class='ocr_line' id='line_1_34' title="bbox 353 4137 1618 4226; baseline 0.006 -27"><span class='ocrx_word' id='word_1_260' title='bbox 353 4137 513 4199; x_wconf 89' lang='lat' dir='ltr'><strong>Leonardi</strong></span> <span class='ocrx_word' id='word_1_261' title='bbox 538 4149 585 4199; x_wconf 91' lang='lat' dir='ltr'><strong>est</strong></span> <span class='ocrx_word' id='word_1_262' title='bbox 608 4157 665 4219; x_wconf 90' lang='lat' dir='ltr'><strong>per</strong></span> <span class='ocrx_word' id='word_1_263' title='bbox 698 4139 962 4200; x_wconf 89' lang='lat' dir='ltr'><strong>communitatem</strong></span> <span class='ocrx_word' id='word_1_264' title='bbox 985 4139 1025 4200; x_wconf 94' lang='lat' dir='ltr'><strong>ad</strong></span> <span class='ocrx_word' id='word_1_265' title='bbox 1058 4141 1301 4221; x_wconf 90' lang='lat' dir='ltr'><strong>quindecimum</strong></span> <span class='ocrx_word' id='word_1_266' title='bbox 1332 4142 1419 4205; x_wconf 89' lang='lat' dir='ltr'><strong>diem</strong></span> <span class='ocrx_word' id='word_1_267' title='bbox 1442 4157 1618 4226; x_wconf 87' lang='lat' dir='ltr'><strong>prorogata</strong></span> 
     </span>
     <span class='ocr_line' id='line_1_35' title="bbox 351 4241 841 4307; baseline 0.008 -5"><span class='ocrx_word' id='word_1_268' title='bbox 351 4241 392 4302; x_wconf 88' lang='lat' dir='ltr'><strong>ad</strong></span> <span class='ocrx_word' id='word_1_269' title='bbox 417 4241 596 4305; x_wconf 83' lang='lat' dir='ltr'><strong>exhibenda</strong></span> <span class='ocrx_word' id='word_1_270' title='bbox 621 4243 841 4307; x_wconf 88' lang='lat' dir='ltr'><strong>instrumenta.</strong></span> 
     </span>
    </p>

    <p class='ocr_par' dir='ltr' id='par_1_16' title="bbox 352 4347 1620 4538">
     <span class='ocr_line' id='line_1_36' title="bbox 458 4347 1620 4436; baseline 0.009 -28"><span class='ocrx_word' id='word_1_271' title='bbox 458 4347 536 4410; x_wconf 87' lang='lat' dir='ltr'><strong>Item</strong></span> <span class='ocrx_word' id='word_1_272' title='bbox 561 4348 708 4432; x_wconf 88' lang='lat' dir='ltr'><strong>Mathyas</strong></span> <span class='ocrx_word' id='word_1_273' title='bbox 732 4365 841 4413; x_wconf 89' lang='lat' dir='ltr'><strong>contra</strong></span> <span class='ocrx_word' id='word_1_274' title='bbox 865 4349 1052 4431; x_wconf 88' lang='lat' dir='ltr'><strong>magistrum</strong></span> <span class='ocrx_word' id='word_1_275' title='bbox 1085 4351 1266 4415; x_wconf 77' lang='lat' dir='ltr'><strong>iohannem</strong></span> <span class='ocrx_word' id='word_1_276' title='bbox 1289 4353 1440 4436; x_wconf 90' lang='lat' dir='ltr'><strong>Crispum</strong></span> <span class='ocrx_word' id='word_1_277' title='bbox 1470 4354 1620 4420; x_wconf 86' lang='lat' dir='ltr'><strong>secundo</strong></span> 
     </span>
     <span class='ocr_line' id='line_1_37' title="bbox 352 4456 765 4538; baseline 0.005 -23"><span class='ocrx_word' id='word_1_278' title='bbox 352 4466 465 4516; x_wconf 81' lang='lat' dir='ltr'><strong>citatus</strong></span> <span class='ocrx_word' id='word_1_279' title='bbox 487 4474 552 4516; x_wconf 91' lang='lat' dir='ltr'><strong>non</strong></span> <span class='ocrx_word' id='word_1_280' title='bbox 577 4456 765 4538; x_wconf 88' lang='lat' dir='ltr'><strong>comparuit.</strong></span> 
     </span>
    </p>

    <p class='ocr_par' dir='ltr' id='par_1_17' title="bbox 457 4560 1619 4650">
     <span class='ocr_line' id='line_1_38' title="bbox 457 4560 1619 4650; baseline 0.011 -29"><span class='ocrx_word' id='word_1_281' title='bbox 457 4560 535 4622; x_wconf 89' lang='lat' dir='ltr'><strong>Item</strong></span> <span class='ocrx_word' id='word_1_282' title='bbox 560 4561 678 4624; x_wconf 90' lang='lat' dir='ltr'><strong>Paulus</strong></span> <span class='ocrx_word' id='word_1_283' title='bbox 702 4574 810 4624; x_wconf 87' lang='lat' dir='ltr'><strong>contra</strong></span> <span class='ocrx_word' id='word_1_284' title='bbox 835 4562 1040 4647; x_wconf 88' lang='lat' dir='ltr'><strong>Damyanum</strong></span> <span class='ocrx_word' id='word_1_285' title='bbox 1069 4565 1173 4649; x_wconf 92' lang='lat' dir='ltr'><strong>primo</strong></span> <span class='ocrx_word' id='word_1_286' title='bbox 1197 4567 1311 4630; x_wconf 88' lang='lat' dir='ltr'><strong>citatus</strong></span> <span class='ocrx_word' id='word_1_287' title='bbox 1333 4586 1399 4629; x_wconf 90' lang='lat' dir='ltr'><strong>non</strong></span> <span class='ocrx_word' id='word_1_288' title='bbox 1422 4568 1619 4650; x_wconf 85' lang='lat' dir='ltr'><strong>comparuit.</strong></span> 
     </span>
    </p>
   </div>
   <div class='ocr_carea' id='block_1_5' title="bbox 349 4665 1617 4855">
    <p class='ocr_par' dir='ltr' id='par_1_18' title="bbox 349 4665 1617 4855">
     <span class='ocr_line' id='line_1_39' title="bbox 456 4665 1617 4755; baseline 0.009 -28"><span class='ocrx_word' id='word_1_289' title='bbox 456 4665 535 4728; x_wconf 84' lang='lat' dir='ltr'><strong>item</strong></span> <span class='ocrx_word' id='word_1_290' title='bbox 558 4668 713 4731; x_wconf 89' lang='lat' dir='ltr'><strong>Nicolaus</strong></span> <span class='ocrx_word' id='word_1_291' title='bbox 737 4667 863 4731; x_wconf 86' lang='lat' dir='ltr'><strong>Crisani</strong></span> <span class='ocrx_word' id='word_1_292' title='bbox 888 4685 998 4732; x_wconf 89' lang='lat' dir='ltr'><strong>contra</strong></span> <span class='ocrx_word' id='word_1_293' title='bbox 1019 4671 1149 4733; x_wconf 88' lang='lat' dir='ltr'><strong>Petrum</strong></span> <span class='ocrx_word' id='word_1_294' title='bbox 1173 4673 1279 4755; x_wconf 90' lang='lat' dir='ltr'><strong>primo</strong></span> <span class='ocrx_word' id='word_1_295' title='bbox 1303 4673 1417 4736; x_wconf 88' lang='lat' dir='ltr'><strong>citatus</strong></span> <span class='ocrx_word' id='word_1_296' title='bbox 1439 4691 1506 4735; x_wconf 90' lang='lat' dir='ltr'><strong>nou</strong></span> <span class='ocrx_word' id='word_1_297' title='bbox 1526 4692 1617 4737; x_wconf 91' lang='lat' dir='ltr'><strong>com·</strong></span> 
     </span>
     <span class='ocr_line' id='line_1_40' title="bbox 349 4785 465 4855; baseline 0.017 -22"><span class='ocrx_word' id='word_1_298' title='bbox 349 4785 465 4855; x_wconf 80' lang='lat' dir='ltr'><strong>paruit.</strong></span> 
     </span>
    </p>
   </div>
   <div class='ocr_carea' id='block_1_6' title="bbox 0 0 1707 5362">
    <p class='ocr_par' dir='ltr' id='par_1_19' title="bbox 0 0 1707 5362">
     <span class='ocr_line' id='line_1_41' title="bbox 0 0 1707 5362; baseline 0 0"><span class='ocrx_word' id='word_1_299' title='bbox 0 0 1707 5362; x_wconf 95' lang='lat' dir='ltr'><strong> </strong></span> 
     </span>
    </p>
   </div>
  </div>
 </body>
</html>
