3404 5362
1357 347 1419 408 359

103 415 533 436 “N---—---
556 431 628 436 -...-
653 432 731 436 ...-
767 432 799 437 —
826 433 848 436 -
872 433 909 437 -
929 433 1082 438 -α---ω
1107 434 1152 438 —.
1180 434 1221 438 —-
1240 434 1417 441 —.-.-..-.

262 533 340 595 ltem
365 549 521 616 quantum
548 536 613 617 ipse
640 535 786 619 Mathyas
810 556 868 618 pro
886 537 1024 599 clamide
1050 537 1215 598 Anthonio
1241 537 1345 618 jurato
1370 559 1420 600 su-

107 633 204 694 tori
252 640 401 721 solverit,
436 642 498 704 hoc
533 646 647 724 Agnya
681 643 825 704 servitrix
858 642 986 705 Thome
1018 645 1155 705 condam
1190 643 1282 724 jurati
1315 645 1421 706 eidem

111 727 275 806 Mathia
299 748 423 811 solvere
454 749 567 826 debet,
592 763 623 811 et
646 768 704 830 pro
736 749 848 811 eadem
871 763 917 811 est
949 750 1014 832 ipse
1048 750 1194 811 Thomas
1226 763 1257 812 et
1291 770 1421 812 consors

115 832 295 922 Myndos
315 852 493 918 fideiussor.

260 975 338 1039 ltem
364 979 482 1041 Paulus
506 980 608 1063 pictor
625 995 734 1043 contra
761 982 864 1063 Remp
882 981 986 1063 primo
1012 982 1125 1043 citatus
1142 1002 1207 1043 non
1226 983 1416 1063 comparuit.

260 1081 338 1144 ltem
363 1085 546 1147 Mosnarich
572 1100 680 1148 contra
706 1087 899 1168 Gregorium
925 1101 1039 1149 octavo
1064 1087 1115 1148 die
1141 1088 1359 1170 respondebit.

261 1189 339 1251 Item
364 1210 457 1253 causa
483 1192 659 1274 Mychaelis
683 1191 740 1254 filii
763 1193 913 1255 Damiani
938 1209 1047 1255 contre
1083 1193 1275 1275 Gregorium
1300 1195 1342 1256 ad
1366 1215 1419 1256 oc-

126 1279 263 1356 tavum
288 1295 375 1358 diem
399 1298 439 1359 ad
464 1317 576 1380 pacem
601 1312 648 1360 est
671 1314 806 1382 recepta.

260 1419 336 1482 ltem
371 1421 533 1484 Johannea
565 1422 649 1485 filius
682 1424 785 1502 Pauli,
818 1423 964 1507 Mychael
991 1423 1193 1507 Ortholflych
1226 1444 1262 1486 ac
1286 1424 1417 1488 domina

127 1496 328 1590 Karberina
353 1544 462 1591 contra
488 1530 667 1593 Johannem
700 1530 804 1593 filium
836 1531 962 1593 Nicolai
986 1532 1092 1614 primo
1124 1532 1211 1594 citati
1238 1552 1302 1594 non
1329 1552 1416 1594 com-

123 1621 338 1699 paruerunt.

258 1741 336 1804 ltem
361 1743 523 1805 lohannes
555 1758 664 1806 contra
690 1745 862 1807 Nicolaum
894 1759 1047 1806 sartorem
1073 1744 1178 1826 primo
1208 1745 1320 1807 citatus
1352 1766 1415 1808 non

117 1834 342 1929 e(lmparuit.

257 1954 335 2017 ltem
354 1955 506 2039 Gyurgek
531 1973 639 2020 contra
666 1957 772 2020 Mathe
797 1957 938 2019 secundo
960 1957 1073 2019 citatus
1095 1977 1159 2018 non
1178 1959 1369 2040 comparuit.

258 2060 336 2124 ltem
361 2063 468 2126 Endre
494 2065 560 2148 Syb
584 2079 694 2128 contra
712 2063 906 2144 Gregorium
931 2063 1064 2125 voschar
1088 2065 1193 2145 primo
1213 2064 1326 2126 citatus
1350 2085 1415 2126 non

104 2160 341 2250 comparuit.

257 2274 335 2336 ltem
360 2276 448 2338 Lulra
474 2277 602 2338 Bonioli
628 2277 834 2338 Valentinum
856 2274 1013 2338 famulum
1039 2296 1130 2337 suum
1157 2289 1266 2337 contra
1292 2276 1413 2357 Grego-

98 2369 233 2440 ¹‘ium
259 2382 394 2444 voschar
418 2396 532 2444 octavo
558 2383 608 2444 die
634 2396 772 2444 statuere
797 2382 902 2446 debet.

255 2504 335 2566 ltem
362 2505 507 2589 Mathyas
531 2522 633 2569 sartor
656 2522 766 2569 contra
793 2508 1005 2569 Laurencium
1039 2506 1175 2568 condam
1201 2505 1341 2588 judicem
1365 2526 1411 2568 se·

92 2610 256 2671 cundo
286 2611 399 2673 citatus
422 2632 487 2674 non
513 2614 702 2695 comparuit.

254 2716 332 2779 ltem
358 2717 534 2800 Gregorius
557 2719 642 2781 filius
658 2720 774 2802 Angeli
801 2734 909 2782 contra
928 2719 1093 2781 dominam
1119 2718 1292 2781 Grachiam
1308 2718 1413 2801 primo

88 2815 263 2886 citatus
293 2845 359 2886 non
385 2826 574 2909 comparuit.

255 2948 332 3011 ltem
353 2949 461 3013 Mathe
476 2950 637 3033 gladiator
660 2971 717 3033 per
734 2951 928 3012 Hanslinum
944 2952 1048 3012 taslrar
1065 2963 1095 3012 et
1113 2950 1302 3034 lurglynum
1320 2951 1412 3033 pilia·

84 3046 252 3116 torem
277 3055 338 3118 hoc
373 3057 531 3136 atestabit,
562 3057 650 3139 quod
683 3058 787 3140 ipsum
821 3057 935 3139 Jaklyn
969 3056 1189 3139 vituperasset,
1221 3070 1252 3118 et
1276 3056 1336 3118 hoc
1361 3077 1411 3119 oc-

82 3150 223 3223 tho
250 3162 313 3226 die.

253 3270 331 3332 ltem
357 3290 450 3333 causa
476 3269 610 3354 Jursych
643 3285 751 3332 contra
778 3270 984 3332 Valentinum
1018 3270 1057 3331 ad
1083 3283 1232 3331 octavum
1257 3270 1343 3331 diem
1369 3271 1410 3332 ad

77 3365 257 3436 Darem
283 3390 329 3438 est
353 3390 490 3459 recepta.

253 3481 330 3544 ltem
356 3481 504 3544 Matheus
527 3496 636 3544 contra
662 3482 839 3563 Georgium
873 3481 1107 3563 carpentarium
1132 3480 1274 3542 secundo
1299 3481 1412 3544 citatus

75 3577 137 3633 ἢ
150 3606 212 3649 ‹in
237 3589 428 3673 comparuit.

252 3714 329 3776 ltem
349 3734 441 3777 causa
468 3716 577 3778 Jacobi
595 3714 741 3798 pellificis
765 3728 874 3775 contra
900 3713 1064 3775 custodem
1091 3712 1131 3773 ad
1156 3725 1305 3773 octavum
1322 3712 1409 3773 diem

75 3810 195 3881 eet
216 3836 399 3904 prorogata.

253 3929 332 3991 ltem
357 3929 466 3991 Endre
491 3930 594 3991 dictus
613 3928 715 3990 Kozel
740 3942 854 3990 octavo
876 3929 927 3989 die
952 3929 1050 3989 tercio
1067 3947 1099 3988 se
1124 3947 1219 4008 super
1244 3946 1282 3986 eo
1307 3925 1409 4006 jurare

80 4013 251 4116 deber,
276 4036 365 4118 quod
391 4036 457 4118 ipse
485 4057 564 4118 quas
588 4035 694 4118 fruges
718 4036 887 4117 recepisset
903 4055 958 4096 sue
983 4054 1061 4115 pure
1087 4046 1191 4095 essent
1215 4045 1246 4093 et
1270 4051 1334 4093 non
1353 4032 1409 4092 do·

84 4129 225 4202 thini
258 4141 426 4219 Cantoris;
459 4142 602 4203 medicus
626 4156 732 4204 autem
767 4143 869 4224 ipsam
894 4160 1021 4201 causam
1046 4139 1086 4200 ad
1116 4139 1265 4220 antiquos
1288 4137 1410 4220 judices

90 4240 329 4327 appellavit.

250 4358 330 4420 ltem
355 4357 547 4419 Benedictus
580 4356 723 4418 Gallicus
747 4375 804 4416 seu
837 4352 1065 4416 Stachunarius
1097 4364 1211 4413 octavo
1236 4350 1287 4411 die
1312 4369 1409 4432 super

107 4459 266 4528 qnauto
290 4464 408 4546 juraret
431 4477 586 4545 quantum
612 4463 652 4524 de
678 4462 730 4524 illa
755 4462 890 4543 pecunia
915 4458 1008 4521 luerit
1031 4478 1127 4540 quarn
1152 4458 1211 4520 sibi
1237 4457 1408 4519 subtraxis-

113 4564 373 4648 se11t,tantum
398 4571 477 4633 duas
501 4585 605 4654 partes
630 4570 729 4653 ipsius
753 4569 888 4651 pecunie
913 4566 1076 4648 Dragozlo
1101 4564 1205 4646 jurato
1230 4578 1261 4626 et
1285 4563 1407 4625 Jursich

123 4668 269 4741 ⁸01vere
293 4679 389 4741 debet
413 4679 607 4741 Benedictus
631 4690 835 4759 prenotatus;
860 4675 925 4757 ipse
955 4688 1061 4736 autern
1087 4671 1282 4734 Benedictus
1307 4671 1406 4753 ipsam

128 4782 271 4847 Causam
296 4785 336 4848 ad
360 4785 512 4866 antiquos
535 4783 658 4864 judices
681 4783 866 4866 appellavit.
