3404 5362
579 327 669 388 Anno
693 327 783 406 1382.
807 365 849 373 —
872 327 925 389 28.
949 333 1111 405 februarii.

323 537 400 601 Item
425 559 517 601 causa
536 539 689 622 Stephani
707 555 817 602 contra
840 541 1020 603 Johannem
1048 541 1246 624 Samlyawar
1269 542 1310 603 ad
1334 557 1479 604 octavum

213 644 301 707 diem
327 646 367 706 ad
392 666 502 727 pacem
529 661 575 707 est
604 661 741 728 recepta.

321 752 398 813 ltem
424 772 517 813 causa
535 753 625 813 Pauli
651 767 682 813 et
706 751 818 814 famuli
837 753 998 836 Radolphi
1016 754 1056 814 ad
1077 755 1218 836 primum
1237 753 1392 831 judicium
1411 768 1480 836 post

213 858 389 920 adventum
415 858 577 940 Radolphi
602 858 642 918 ad
667 877 779 940 pacem
803 875 849 919 est
875 873 1012 940 recepta.

324 964 401 1025 Item
429 964 596 1025 Ladislaus
620 964 723 1024 Tular
747 978 857 1025 contra
882 965 997 1046 laklyn
1032 964 1217 1026 Mechotreb
1241 965 1347 1046 primo
1372 966 1482 1027 citatus

216 1091 282 1133 non
307 1071 496 1153 comparuit.

323 1177 400 1238 Item
420 1177 503 1237 Rees
527 1192 636 1238 contra
661 1176 841 1237 lohannem
869 1176 965 1238 Liber
992 1177 1135 1238 secundo
1160 1176 1274 1237 citatus
1307 1196 1373 1238 non
1398 1196 1483 1239 com·

215 1283 329 1366 paruit.

322 1389 401 1450 Item
416 1388 533 1449 Paulus
552 1389 661 1469 Kypar
674 1403 783 1449 contra
798 1387 953 1449 Hericum
963 1388 1069 1470 primo
1083 1389 1197 1450 citatus
1210 1408 1275 1449 non
1294 1389 1483 1471 comparuit.

322 1495 400 1555 ltem
424 1494 673 1555 Bartholomeus
705 1510 815 1556 contra
842 1493 1012 1555 Herricum
1044 1493 1216 1575 pellificem
1242 1495 1274 1555 in
1300 1495 1407 1577 primo
1438 1494 1483 1576 ju·

214 1600 300 1662 dicio
324 1614 395 1683 post
420 1601 594 1661 adventum
619 1600 694 1661 dicti
722 1600 941 1662 Bartholomei
967 1600 1185 1682 respondebit.

321 1707 399 1767 ltem
423 1707 535 1767 Petrus
559 1721 669 1766 contra
694 1706 830 1767 Paulum
854 1707 960 1787 primo
998 1707 1112 1768 citatus
1136 1725 1201 1767 non
1227 1705 1420 1787 comparuit.

321 1813 399 1874 ltem
424 1813 585 1873 lohannes
610 1811 694 1873 filius
712 1812 851 1873 Chemer
868 1827 979 1873 contra
1004 1812 1090 1894 Span
1108 1812 1251 1873 secundo
1276 1812 1392 1873 citatus
1419 1831 1482 1872 non

215 1919 405 2002 comparuit.

323 2021 498 2087 ltemScol
520 2023 629 2084 Hanse
654 2037 763 2084 contra
797 2021 990 2104 Gregorium
1023 2023 1140 2104 Angeli
1173 2024 1205 2083 in
1230 2023 1337 2106 primo
1361 2022 1483 2102 judicio

215 2147 288 2215 post
311 2151 406 2193 suum
431 2130 604 2191 adventum
630 2129 845 2212 respondebit.

322 2238 400 2298 Item
426 2235 587 2316 Georgius
619 2235 858 2297 molendinator
891 2250 1000 2296 contra
1027 2235 1155 2296 Petrum
1187 2234 1482 2296 molendinatorem

215 2344 358 2406 secundo
383 2344 496 2403 citatus
520 2362 585 2403 non
611 2342 800 2423 comparuit.

322 2450 399 2510 ltem
432 2449 583 2509 Herricus
607 2447 737 2530 pellifex
768 2463 878 2509 contra
903 2448 1058 2508 Jacobum
1084 2445 1256 2528 pellificem
1288 2463 1404 2510 octavo
1431 2450 1482 2509 die

215 2555 432 2636 respondebit.

321 2661 400 2721 ltem
425 2659 601 2738 Gregorius
619 2658 702 2719 hlius
719 2659 874 2720 lohannis
898 2673 1007 2721 contra
1025 2659 1226 2741 Mychaelem
1251 2658 1359 2721 rufum
1378 2662 1484 2743 primo

216 2767 329 2827 citatus
354 2784 418 2826 non
444 2765 633 2845 comparuit.

325 2872 402 2932 ltem
427 2871 511 2931 lwan
537 2870 621 2931 lilius
647 2870 752 2931 Mathe
777 2886 887 2933 contra
920 2871 1122 2933 Clementem
1156 2870 1259 2932 filiurn
1293 2871 1407 2932 Jacobi
1432 2891 1484 2933 oc·

218 2992 293 3038 tavo
318 2978 370 3039 die
395 2977 611 3059 respondebit.

323 3084 400 3144 ltem
426 3103 520 3144 causa
546 3083 696 3163 Gregorii
717 3083 833 3164 Angeli
856 3097 965 3144 contra
983 3083 1153 3144 Nicolaum
1181 3083 1352 3164 Hlebopelr
1377 3083 1422 3145 ita
1439 3097 1485 3144 est

215 3189 353 3270 judicata
379 3191 410 3250 in
436 3189 519 3251 lacto
544 3190 709 3251 cuiusdam
737 3190 841 3266 vinee,
866 3189 954 3270 quod
979 3189 1054 3269 quia
1079 3189 1244 3250 estimacio
1277 3188 1360 3248 dicte
1387 3190 1481 3250 vinee

216 3296 289 3376 plus
313 3316 410 3376 quam
434 3296 532 3356 altera
563 3296 726 3356 estimacio
760 3295 927 3355 cuiusdam
951 3294 1043 3355 vinee
1068 3294 1198 3355 alterius
1223 3293 1482 3376 Chrapcheuich,

218 3421 316 3482 quam
342 3403 409 3483 ipse
434 3401 587 3461 Nicolaus
612 3401 642 3460 in
669 3401 896 3461 concambium
918 3399 1034 3460 habere
1067 3400 1229 3478 voluisset,
1255 3398 1383 3477 laceret,
1409 3401 1484 3462 ideo

216 3508 283 3590 ipsa
308 3509 401 3569 vinea
433 3507 472 3568 ad
505 3507 678 3567 emendum
711 3508 769 3588 ipsi
803 3507 939 3567 Nicolao
964 3521 1010 3566 est
1040 3504 1241 3584 adjudicata3
1278 3506 1346 3586 ipse
1371 3520 1481 3568 autem

216 3613 369 3675 Nicolaus
394 3613 511 3673 dictam
536 3631 662 3672 causam
689 3612 728 3671 ad
754 3612 903 3692 antiquos
927 3611 1048 3690 judices
1072 3611 1256 3693 appellavit.

323 3719 400 3779 ltem
425 3718 702 3797 adjudicacionem
732 3718 854 3779 domini
880 3718 1004 3779 Nicolai
1037 3718 1263 3800 archydiaconi
1290 3718 1484 3781 kathedralis

217 3824 301 3906 juxta
328 3824 563 3885 continenciam
597 3823 784 3904 (literarum)
809 3843 937 3884 suarum
963 3825 1084 3885 lacobo
1108 3823 1176 3884 filio
1200 3823 1285 3884 lwan
1311 3821 1427 3886 factam
1454 3842 1484 3887 et

216 3929 314 3991 latam
339 3948 394 4010 per
418 3928 568 4006 eundem,
593 3929 700 4009 quoad
718 3949 830 3990 omnes
847 3930 915 3990 eius
931 3929 1082 3990 articulos
1106 3929 1327 4011 approbarunt
1351 3944 1382 3990 et
1407 3931 1483 3991 rati-

216 4033 361 4095 ficarunt.

323 4138 424 4201 Nota!
449 4139 536 4220 quod
556 4139 736 4221 Stephanus
755 4141 891 4201 condam
912 4141 1097 4202 tributarius
1115 4142 1153 4202 de
1172 4141 1277 4222 Kolpa
1297 4139 1484 4222 Philippum

216 4244 319 4307 filium
346 4246 448 4306 Mauri
474 4245 601 4305 racione
627 4246 791 4307 cuiusdam
815 4246 925 4307 tributi
950 4247 1009 4306 sibi
1036 4247 1075 4307 de
1105 4261 1233 4307 centum
1258 4260 1289 4307 et
1313 4260 1386 4307 octo
1412 4266 1482 4307 cur·

222 4353 310 4412 ribus
334 4351 562 4433 provenientis,
594 4365 739 4431 tempore
773 4352 1003 4413 dominipetri
1029 4353 1166 4414 condam
1199 4352 1272 4414 bani
1298 4371 1355 4434 per
1379 4353 1484 4435 ipsum

219 4457 404 4539 Philippum
430 4458 468 4517 de
495 4457 660 4537 Hungaria
685 4457 861 4535 conductis,
887 4459 1047 4519 commisit
1073 4459 1269 4540 expeditum.

324 4562 403 4624 ltem
427 4563 546 4624 Paulus
571 4563 673 4645 pictor
698 4563 860 4643 quoddam
887 4565 1040 4625 celarium
1073 4584 1167 4625 suum
1193 4564 1354 4626 desertum
1381 4584 1483 4647 usque

217 4668 332 4730 festum
359 4669 583 4729 Penthecostes
608 4669 703 4728 debet
727 4687 901 4749 expurgare
919 4685 949 4731 et
974 4691 1089 4751 aquam
1116 4690 1153 4730 ex
1171 4670 1287 4731 eodem
1305 4670 1483 4747 exhaurire,

217 4776 355 4836 vendere
380 4791 434 4837 aut
458 4776 591 4837 edificiis
623 4775 772 4835 decorare
804 4777 862 4834 sub
887 4796 968 4856 pena
1001 4776 1113 4856 viginti
1140 4795 1341 4852 marcarum;
1368 4791 1400 4838 et
1424 4775 1483 4837 hoc
