3404 5362
460 390 546 448 Anno
569 386 658 466 1376.
686 424 724 433 -
748 404 780 467 4.
804 393 916 464 apriles.
1292 409 1330 469 35

173 601 255 662 Item
290 599 444 678 Nicolaus
479 614 589 662 contra
625 599 768 661 relictam
805 598 908 682 Frych
945 599 1086 661 secundo
1120 599 1233 661 citatus
1268 617 1333 659 non

68 706 259 789 comparuit.

173 813 253 874 Item
280 810 435 872 Martinus
459 810 631 892 Zequirich
652 825 761 873 contra
786 811 930 873 Francha
947 824 1020 893 post
1044 811 1141 874 Parca
1165 812 1270 895 primo
1286 809 1334 894 ju·

71 920 154 982 dicio
184 916 403 1001 respondebit.

174 1027 254 1087 ltem
280 1023 460 1107 Stephanus
485 1022 572 1086 filius
596 1023 752 1086 lobannis
776 1039 885 1086 contra
909 1023 1036 1086 Malech
1060 1024 1100 1086 de
1125 1024 1335 1088 Wlkomerch

72 1132 174 1214 primo
198 1132 313 1192 citatus
337 1150 402 1192 non
427 1130 617 1212 comparuit.

174 1237 253 1298 ltem
290 1236 397 1298 Lachk
433 1235 570 1317 lapicida
616 1252 725 1299 contra
761 1236 938 1318 Georgium
977 1237 1082 1320 primo
1119 1236 1234 1298 citatus
1268 1256 1334 1299 non

72 1344 260 1426 comparuit.

175 1449 255 1513 ltem
288 1448 448 1530 Georgius
479 1462 589 1511 contra
623 1450 815 1512 Murkonem
851 1464 922 1532 post
946 1450 1043 1511 Pasca
1075 1448 1191 1528 jurabit
1222 1449 1254 1510 in
1286 1468 1336 1528 eo,
1442 1459 1443 1462 ’

74 1572 207 1638 quantas
239 1576 392 1638 expensas
420 1555 571 1638 expendit
599 1556 639 1617 ad
666 1558 864 1639 sepulturam
889 1557 1063 1619 Katherine
1094 1557 1256 1634 mulieris;
1288 1577 1335 1620 re-

74 1663 200 1724 siduum
232 1675 340 1723 autem
371 1662 512 1744 ipsorum
548 1663 810 1725 vestimentorum
843 1663 1009 1724 videlicet:
1044 1663 1206 1742 tunicam,
1230 1683 1332 1725 unum

72 1767 248 1846 florenum,
295 1787 348 1828 sex
383 1769 463 1830 kitas
495 1769 535 1830 de
571 1769 661 1848 lino,
697 1767 762 1830 duo
797 1769 985 1831 linteamina
1023 1789 1060 1831 ac
1097 1769 1333 1850 quinquaginta

73 1876 160 1937 ulnas
184 1875 259 1938 tele.

173 1982 253 2043 ltem
278 1980 387 2041 relicta
412 1980 590 2042 Sabastiani
615 1994 687 2063 post
715 1981 810 2042 Pasca
843 1981 948 2062 primo
972 1980 1092 2063 judicio
1124 1981 1242 2063 jurabit
1266 1981 1334 2043 sola

74 2107 206 2170 persona
230 2101 339 2148 contra
365 2085 520 2148 Mathiam
542 2085 739 2148 aurifabrum
765 2088 797 2148 in
822 2107 872 2166 eo,
897 2087 984 2169 quod
1010 2088 1076 2170 ipsa
1101 2088 1201 2149 nescit
1225 2100 1331 2149 utrum

75 2192 277 2256 Sabastianus
301 2212 355 2254 sex
380 2190 459 2254 cilos
482 2206 651 2273 argenteos
674 2193 828 2275 receperit
851 2194 890 2254 ab
915 2192 1041 2256 eodem.

175 2300 254 2360 ltem
283 2297 315 2359 in
348 2298 519 2378 quindenis
551 2297 590 2359 de
622 2298 716 2359 bonis
746 2299 844 2360 Marci
869 2297 926 2360 filii
959 2300 1120 2361 Leonardi
1152 2299 1332 2362 Marketoni

74 2403 231 2466 aurifabro
256 2403 469 2485 quadraginta
493 2403 605 2466 floreni
631 2404 749 2466 debent
769 2405 902 2484 exsolvi,
926 2424 1021 2486 super
1045 2405 1163 2485 quibus
1187 2405 1336 2487 deposuit

77 2511 300 2592 juramentum.

174 2618 254 2678 ltem
279 2616 379 2677 Elena
404 2616 437 2676 in
461 2615 634 2697 quindenis
666 2617 752 2677 Luce
777 2615 915 2677 carnifici
948 2636 1045 2679 unam
1071 2636 1210 2678 marcam
1236 2616 1333 2677 dena·

75 2723 190 2785 riorum
217 2736 248 2784 et
271 2721 370 2802 judici
395 2721 631 2803 quinquaginta
655 2721 803 2784 denarios
827 2722 979 2784 exsolvet.

175 2829 254 2889 ltem
287 2847 380 2889 causa
414 2826 567 2910 Gyurgelr
600 2842 630 2889 et
662 2829 788 2889 Nicolai
820 2841 866 2890 est
899 2849 955 2910 per
988 2828 1108 2909 juratos
1132 2828 1172 2890 ad
1196 2829 1336 2910 primum

77 2933 225 3013 judicium
250 2946 323 3015 post
346 2933 443 2995 Pasca
467 2946 639 3014 prorogata
664 2934 792 2995 racione
814 2935 975 2995 bonorum
1002 2933 1141 2996 Strosalr.

178 3040 256 3101 ltem
291 3059 385 3101 causa
420 3038 552 3119 Georgii
586 3038 752 3101 familiaris
779 3039 932 3121 prepositi
957 3052 988 3100 et
1019 3038 1174 3101 lobannis
1197 3051 1243 3100 est
1266 3051 1338 3120 post

78 3145 167 3208 Pasca
190 3145 232 3207 ad
257 3145 396 3228 primum
420 3144 577 3227 judicium
602 3158 784 3227 prorogata.

177 3252 256 3313 Item
281 3252 393 3312 Petrus
417 3264 526 3313 contra
555 3252 774 3313 Alexandrum
806 3252 911 3334 primo
936 3251 1056 3333 judicio
1088 3264 1159 3334 post
1183 3252 1280 3313 Pasca
1304 3271 1337 3312 se

82 3357 230 3420 secundus
259 3356 377 3439 jurabit
406 3357 439 3419 in
472 3376 522 3436 eo,
555 3357 642 3439 quod
667 3357 734 3439 ipse
767 3378 825 3420 nec
856 3359 959 3441 ipsum
992 3378 1050 3419 nec
1082 3377 1172 3419 suam
1204 3375 1337 3418 uxorem

85 3463 311 3545 vituperaverit.

177 3569 257 3630 ltem
281 3567 472 3630 secundario
498 3567 582 3630 idem
608 3569 720 3631 Petrus
751 3589 784 3630 se
815 3569 946 3651 quintus
977 3568 1094 3651 jurabit
1117 3569 1150 3630 in
1174 3587 1224 3647 eo,
1248 3565 1337 3649 quod

88 3671 140 3753 ipse
164 3675 307 3758 predicto
333 3674 516 3737 Alexandro
541 3675 685 3757 quinque
704 3695 826 3737 marcas
843 3675 1051 3738 denariorum
1075 3695 1139 3736 non
1164 3687 1336 3737 teneretur.

177 3781 255 3842 Item
290 3800 383 3842 causa
413 3780 519 3842 Deseu
554 3781 594 3842 de
619 3781 766 3843 Zanabor
802 3794 833 3842 et
865 3781 955 3843 Hans
991 3796 1038 3844 est
1060 3801 1117 3863 per
1141 3780 1262 3862 juratos
1297 3778 1337 3842 ad

92 3883 211 3961 primum
234 3886 390 3968 judicium
414 3900 486 3969 post
510 3887 604 3949 Pasca
630 3901 810 3970 prorogata.

177 3993 256 4056 ltem
280 4012 373 4055 causa
399 3992 454 4054 lilii
479 3994 568 4055 Nork
592 4006 623 4055 et
645 3992 778 4074 Georgii
802 3995 932 4055 sartoris
956 3993 1065 4055 estad
1090 3994 1230 4075 primum
1254 3990 1339 4073 judi·

94 4093 160 4159 cium
182 4113 254 4182 post
278 4100 376 4161 Parca
400 4113 570 4182 prorogata
595 4101 634 4161 ad
660 4100 877 4162 exhibendum
906 4101 1125 4162 instrumenta.

181 4205 258 4267 ltem
284 4206 435 4286 magister
460 4206 567 4268 Paulis
596 4207 738 4268 notarius
766 4227 861 4289 super
885 4227 950 4288 quo
975 4206 1091 4287 jurabit
1115 4219 1223 4267 contra
1249 4205 1338 4266 Salo-

96 4321 206 4372 monem
231 4311 337 4394 primo
366 4311 486 4392 judicio
519 4326 590 4395 post
614 4313 711 4374 Pasca
743 4333 838 4395 super
870 4313 1092 4375 devastatione
1124 4311 1173 4373 sui
1197 4323 1285 4372 ortus
1309 4323 1339 4372 et

96 4407 190 4478 domus
218 4418 259 4479 de
281 4419 373 4480 Nova
402 4418 489 4497 villa,
521 4418 608 4480 idem
641 4420 796 4482 Salomon
829 4421 992 4481 exsolvere
1024 4418 1153 4480 debebit
1185 4417 1339 4496 magistro

96 4511 177 4583 Paulo
199 4522 372 4586 antedicto.

180 4630 259 4693 ltem
284 4650 340 4712 per
362 4629 514 4712 judicem,
532 4631 652 4711 juratos
676 4645 707 4693 et
723 4644 824 4693 totam
849 4631 1112 4693 communitatem
1137 4628 1197 4691 fuit
1213 4627 1337 4708 adjudi-

94 4746 183 4797 crtum
207 4748 239 4798 et
262 4734 447 4816 diffinitum,
481 4737 569 4819 quod
601 4738 873 4819 quandocumque
898 4736 937 4798 de
970 4750 1074 4799 cetero
1099 4736 1200 4796 Elena
1224 4734 1340 4796 mulier

92 4841 264 4921 magistrum
290 4842 446 4906 Jacobum
470 4844 632 4906 medicum
656 4858 711 4906 aut
733 4864 824 4906 suam
858 4842 1012 4905 familiam
1037 4840 1264 4951 vituperaverit
1288 4839 1339 4899 vel
