3404 5362
320 372 383 436 270
695 350 890 430 Ann01387.
917 386 957 396 —
982 368 1028 415 11.
1051 355 1197 421 januarr't'.

424 564 502 626 Item
527 565 671 645 Dragech
689 579 789 626 sartor
813 583 885 625 cum
903 565 967 625 suis
991 564 1204 647 complicibus
1229 564 1430 645 Stephanum
1456 564 1600 626 fratrent

320 670 411 731 Pauli
446 671 560 733 literati
595 671 693 733 nostri
725 670 840 732 notarii
872 690 938 731 uno
970 689 1055 750 equo
1088 670 1186 751 ipsius
1211 670 1301 731 Pauli
1326 683 1357 731 et
1391 670 1466 731 aliis
1499 673 1649 733 rebu3

319 775 484 839 confessus
508 794 553 839 est
577 779 741 860 spolIasse,
766 776 821 836 sed
847 790 953 837 tamen
976 791 1009 837 ut
1027 777 1116 854 dirit,
1141 796 1178 837 ert
1203 776 1356 837 mandato
1381 776 1511 838 domiui
1528 779 1609 838 sui,

425 883 501 944 Item
535 884 679 964 Dragech
715 896 815 944 sartor
847 901 903 963 per
938 882 1198 944 commissionem
1240 881 1444 961 judiciariam
1478 899 1589 946 contra

320 990 455 1051 Paulum
482 990 643 1051 literatum
668 990 697 1049 in
723 988 845 1065 Iudicio
871 1007 937 1048 non
961 989 1152 1068 comparuit.

425 1096 501 1157 Item
528 1096 652 1157 Blasius
684 1093 772 1155 faber
805 1108 913 1155 contra
947 1093 1106 1154 Briccium
1131 1093 1231 1155 tercio
1261 1093 1376 1155 citatus
1400 1113 1470 1154 non
1505 1114 1675 1155 coma-

318 1204 433 1286 paruit.

425 1309 502 1371 Item
527 1328 620 1368 causa
648 1306 736 1367 l'auli
770 1307 883 1367 literati
917 1319 1027 1367 contra
1054 1305 1160 1365 Endre
1194 1325 1294 1385 usque
1326 1304 1442 1368 feriam
1469 1323 1588 1369 sestam

319 1429 365 1477 est
390 1429 570 1496 prorogata.

743 1544 839 1618 FerIa
869 1554 967 1617 sexta
995 1564 1149 1634 sequens.

825 1695 888 1775 (ΙΙ.
907 1694 1077 1775 jntrtrart't).

423 1837 498 1899 Item
525 1838 668 1919 Dragech
694 1852 793 1898 sartor
818 1853 927 1898 contra
953 1837 1087 1897 Paulum
1123 1836 1283 1897 literatum
1309 1833 1387 1895 feria
1413 1836 1514 1897 tercia
1540 1856 1584 1897 re-

318 1944 500 2026 spondebit.

425 2051 502 2111 Item
524 2050 699 2111 HansIInus
716 2065 824 2111 contra
842 2050 1043 2112 Anthonium
1063 2049 1168 2131 primo
1185 2051 1298 2111 citatus
1312 2068 1378 2111 non
1394 2051 1586 2131 comparuit.
1614 2087 1686 2104 Ι

425 2174 501 2236 Item
529 2174 718 2235 Benedictus
736 2173 897 2255 Scornych
923 2189 1033 2235 contra
1050 2174 1208 2235 Iacobum
1224 2174 1367 2235 secundo
1386 2173 1505 2235 citatus
1524 2195 1585 2236 non

318 2283 508 2363 comparuit.

424 2387 501 2449 Item
527 2407 618 2448 causa
646 2386 800 2447 Johannis
826 2386 979 2447 Hermani
1006 2401 1115 2448 contra
1150 2387 1229 2447 Kele
1255 2405 1355 2467 usque
1381 2384 1498 2449 feriam
1525 2402 1582 2449 ter·

317 2494 399 2555 ciam
421 2508 467 2555 est
491 2507 671 2574 prorogata.

425 2600 502 2660 Item
528 2599 708 2679 Stephanus
725 2613 834 2659 contra
856 2599 1023 2660 Vrbanam
1040 2599 1145 2679 primo
1164 2599 1278 2659 citatus
1301 2617 1366 2659 non
1392 2601 1586 2680 comparuit.

424 2704 501 2765 Item
540 2705 720 2784 Stephanus
754 2719 856 2766 sartor
891 2718 999 2766 contra
1045 2703 1152 2765 Mathe
1186 2703 1328 2765 secundo
1369 2704 1486 2766 citatus
1523 2726 1585 2767 non

318 2811 507 2892 comparuit.

425 2915 501 2976 Item
527 2916 648 2997 Symon
676 2931 784 2977 contra
809 2918 965 2978 Iacobum
992 2915 1135 2977 secundo
1164 2916 1279 2977 citatus'
1301 2934 1366 2975 non
1393 2916 1586 2998 comparuit.

425 3022 501 3083 Item
535 3042 627 3082 cansa
662 3023 814 3084 Scitarich
851 3038 960 3084 contra
995 3022 1185 3084 Michaelem
1217 3020 1459 3083 stachunarium
1485 3041 1585 3103 usque

317 3127 428 3190 feriam
454 3143 572 3189 sextam
598 3143 643 3188 est
669 3143 850 3209 prorogata.

422 3235 498 3295 Item
529 3235 679 3295 Herricus
705 3234 834 3316 pellifex
860 3250 968 3296 contra
1003 3236 1097 3316 Mylre
1131 3235 1236 3316 primo
1265 3235 1379 3296 citatus
1403 3253 1470 3295 non
1496 3253 1584 3296 corn-

316 3341 431 3423 paruit.

423 3446 500 3507 Item
527 3447 636 3507 Petrus
668 3461 777 3507 contra
803 3445 996 3525 Gregorium
1022 3447 1126 3527 prImo
1155 3447 1268 3508 citatus
1299 3466 1364 3508 non
1390 3447 1583 3529 comparuit.

424 3552 499 3613 Item
525 3553 677 3612 Nicolaus
702 3566 811 3613 contra
835 3552 1005 3612 Nicolaum
1031 3552 1135 3633 primo
1161 3552 1274 3613 citatus
1298 3571 1363 3614 non
1389 3554 1583 3635 comparuit.

424 3658 501 3719 Item
527 3677 618 3718 causa
645 3657 769 3718 Nicolai
796 3672 904 3717 contra
927 3657 1103 3739 Symonem
1122 3677 1223 3738 usque
1248 3656 1361 3719 leriam
1384 3659 1520 3720 terciam
1538 3674 1584 3720 est

317 3746 497 3845 prorogata.

422 3872 498 3932 Item
531 3891 661 3931 consors
687 3870 792 3931 Endre
826 3871 891 3952 Syb
925 3868 1001 3929 feria
1032 3869 1128 3930 tercia
1161 3869 1302 3931 secundo
1334 3889 1366 3930 se
1399 3869 1520 3950 jurabit
1554 3871 1585 3930 in

316 3995 366 4053 eo,
391 3977 478 4056 quod
505 3978 570 4058 ipsa
597 3977 731 4036 Paulum
757 3977 916 4036 literatum
940 3995 1003 4035 non
1022 3976 1231 4056 vituperasset
1254 3994 1360 4056 neque
1385 3977 1494 4037 verbis
1520 3977 1583 4038 illi·

315 4083 386 4145 citis
414 4097 642 4163 pertractasset.

421 4188 498 4249 Item
517 4189 669 4249 dominus
695 4189 832 4248 lacobus
849 4188 1022 4248 canonicus
1039 4208 1070 4248 se
1096 4189 1200 4268 primo
1218 4187 1257 4247 tle
1278 4185 1377 4247 domo
1403 4185 1587 4248 Clementis

313 4295 437 4357 solvere
463 4296 567 4356 debet.

421 4400 499 4462 Item
525 4401 562 4461 de
590 4400 742 4479 porcione
761 4399 916 4460 lohannis
936 4399 1064 4460 sartoris
1081 4398 1212 4459 domine
1231 4396 1424 4478 Magdalene
1442 4398 1584 4459 condam

314 4526 370 4567 sue
396 4507 533 4567 consorti
553 4506 631 4565 duas
649 4520 775 4565 octavas
792 4505 908 4585 (fundi)
935 4525 1006 4567 curn
1026 4506 1178 4586 porc'tone
1196 4504 1303 4566 celarii
1322 4517 1353 4565 et
1376 4502 1582 4565 edificiorum

314 4612 596 4691 adjudicaverunt;
621 4612 772 4673 domInus
797 4627 902 4672 autem
929 4611 1063 4691 Egidius
1087 4611 1234 4671 sacerdos
1259 4610 1359 4692 ipsam
1384 4627 1516 4670 causam
1542 4609 1582 4670 ad

314 4720 464 4800 antIquos
488 4720 608 4799 judIces
633 4719 814 4800 appellavit.

420 4825 496 4886 Itetn
531 4825 674 4905 Dragech
707 4840 737 4886 et
770 4824 930 4884 Iohannes
971 4822 1055 4883 lilius
1092 4842 1168 4882 suus
1207 4822 1239 4882 in
1276 4820 1359 4882 Iacto
1390 4820 1581 4881 succisionis
