3404 5362
479 1394 627 1492 (Anno
657 1392 839 1485 Domini
869 1390 1225 1487 MCCCLXXXllll.

321 1732 400 1794 ltem
428 1745 625 1793 memoratus
657 1732 809 1793 dominus
842 1732 1006 1814 Myklinus
1029 1731 1125 1812 judex
1158 1745 1188 1794 et
1219 1732 1288 1793 eius
1319 1732 1411 1813 jurati
1445 1752 1481 1793 ac

215 1838 389 1900 consiliarii
415 1838 563 1899 universa
588 1851 703 1899 statuta
728 1851 759 1900 et
783 1837 909 1900 decreta
927 1852 992 1900 tam
1018 1838 1050 1899 in
1075 1838 1146 1899 aliis
1171 1838 1310 1919 antiquis
1334 1838 1481 1917 cateruis,

213 1963 311 2026 quam
345 1944 447 2005 eciam
479 1944 510 2004 in
543 1945 682 2025 presenti
713 1956 841 2006 caterua
872 1944 1063 2027 conscripta,
1084 1944 1178 2025 plene
1213 1957 1243 2006 et
1267 1945 1408 2006 totaliter
1439 1943 1480 2005 ad

215 2051 378 2112 universas
402 2070 512 2111 earum
537 2051 696 2113 clausulas
720 2051 947 2133 perpetualiter
970 2049 1251 2114 confirmaverunt.

319 2155 397 2217 ltem
421 2175 478 2237 per
510 2155 649 2217 eundem
684 2156 854 2218 dominum
886 2156 1068 2238 Myklinum
1100 2155 1260 2236 judicem,
1292 2156 1412 2237 juratos
1444 2176 1481 2217 ac

213 2262 416 2324 consiliarios
440 2282 515 2323 suos
540 2276 586 2324 est
618 2276 771 2325 statutum
803 2277 834 2323 et
865 2263 1041 2340 decretum,
1065 2274 1101 2323 ut
1132 2262 1241 2323 nullus
1265 2262 1343 2323 civis
1366 2281 1480 2340 novus,

213 2369 300 2450 prius
332 2381 506 2450 antequam
540 2388 596 2450 per
628 2382 691 2429 tres
723 2389 825 2430 annos
857 2382 1002 2430 maneret
1026 2369 1058 2429 in
1090 2387 1148 2428 suo
1181 2367 1268 2429 civili
1292 2388 1349 2430 seu
1372 2381 1480 2429 nostra

213 2475 350 2554 civitate,
374 2476 475 2557 possit
499 2496 566 2537 esse
590 2476 801 2538 consiliarius.

317 2582 396 2643 ltem
421 2602 477 2665 per
502 2583 642 2644 eundem
666 2582 836 2645 dominum
869 2584 1050 2667 Myklinum
1075 2583 1217 2664 judicem
1242 2597 1273 2646 et
1298 2582 1419 2665 juratos
1442 2603 1480 2645 ac

214 2689 414 2751 consiliarios
438 2689 507 2751 eius
531 2703 578 2751 est
598 2690 808 2751 constitutum
833 2705 863 2752 et
888 2691 1063 2768 decretum,
1088 2703 1123 2752 ut
1151 2690 1289 2771 quilibet
1319 2688 1481 2752 aurifaber

214 2795 247 2856 in
279 2808 387 2857 nostra
419 2796 545 2857 civitate
574 2796 734 2874 residens,
767 2796 862 2858 debet
885 2797 959 2858 talia
992 2816 1090 2878 opera
1125 2812 1274 2877 argentea
1301 2795 1406 2860 lacere
1439 2795 1480 2857 ad

212 2901 420 2964 vendendum
453 2902 504 2963 vel
535 2922 752 2984 assumpmere
786 2902 826 2964 ad
858 2902 1091 2981 laborandum,
1117 2903 1149 2964 in
1183 2923 1249 2984 quo
1283 2923 1381 2985 opere
1413 2923 1479 2964 non

212 3008 284 3089 plus
307 3008 368 3069 nisi
392 3009 489 3071 tercia
511 3028 583 3091 pars
606 3009 707 3091 possit
730 3029 797 3070 esse
822 3009 861 3070 de
886 3029 985 3092 cupro
1010 3023 1041 3071 et
1058 3009 1121 3071 due
1148 3023 1253 3091 partes
1277 3009 1316 3069 de
1341 3008 1406 3071 lino
1431 3029 1479 3071 ar·

212 3127 326 3196 geuto;
350 3115 431 3177 etsi
456 3115 527 3196 quis
552 3135 589 3175 ex
613 3115 691 3196 ipsis
715 3113 884 3177 aurifabris
908 3116 980 3198 plus
1012 3135 1109 3196 quam
1135 3117 1267 3178 terciam
1292 3130 1415 3198 partem
1439 3116 1479 3177 de

214 3241 311 3305 cupro
337 3221 376 3282 ad
401 3241 457 3283 sua
482 3241 580 3303 opera
597 3222 777 3303 inponeret,
793 3235 870 3283 tunc
886 3222 958 3285 talis
982 3222 1007 3283 si
1031 3223 1061 3282 in
1080 3222 1185 3304 primo
1210 3236 1354 3304 repertus
1373 3221 1479 3300 fuerit,

213 3342 288 3391 tunc
313 3342 482 3410 agravetur
507 3329 538 3389 in
563 3328 726 3409 sexaginta
751 3328 902 3406 denariis,
934 3343 965 3391 et
989 3330 1014 3390 si
1040 3328 1184 3390 secundo
1217 3343 1361 3412 repertus
1384 3328 1480 3390 fuerit

213 3435 244 3496 in
268 3455 333 3497 una
358 3454 466 3496 marca
490 3449 520 3496 et
544 3436 643 3497 tercio
672 3449 747 3496 tunc
780 3435 928 3497 similiter
952 3436 985 3497 in
1017 3456 1080 3497 una
1105 3455 1228 3514 marca;
1262 3452 1293 3498 et
1316 3436 1341 3496 si
1366 3449 1479 3517 quarta

212 3542 279 3603 vice
304 3555 380 3604 tunc
405 3542 436 3603 in
462 3543 588 3604 civitate
614 3555 721 3603 nostra
745 3541 891 3603 laborare
916 3562 981 3603 non
1006 3543 1116 3623 possit.

430 3742 526 3816 berla
553 3746 661 3816 tercia
689 3751 765 3834 post
794 3745 993 3815 dominicam
1022 3745 1256 3816 Reminiscere.

721 3898 781 3974 (17.
805 3896 982 3973 februaria).

317 4037 426 4099 Primo
460 4038 623 4100 Barnabas
653 4037 802 4099 sacerdos
834 4052 943 4100 contra
976 4037 1154 4120 Georgium
1186 4039 1348 4101 literatum
1373 4039 1478 4121 primo

212 4143 323 4205 citatus
346 4163 412 4205 non
438 4144 628 4225 comparuit.

315 4250 394 4313 Item
424 4250 570 4312 Thomas
594 4250 724 4334 Dragyn
750 4264 861 4313 contra
886 4248 1066 4331 Georgium
1091 4249 1192 4311 filium
1219 4249 1348 4311 Andree
1372 4250 1478 4331 primo

211 4356 323 4419 citatus
346 4376 412 4418 non
442 4357 633 4438 comparuit.

314 4462 393 4525 ltem
418 4463 601 4525 Anthonius
619 4463 753 4546 Jursych
778 4477 888 4525 contra
907 4465 1031 4525 Lukam
1049 4462 1187 4525 condam
1214 4461 1354 4544 judicem
1372 4465 1478 4546 primo

211 4567 323 4629 citatus
347 4589 413 4630 uon
439 4570 628 4651 comparuit.

315 4674 394 4736 Item
420 4675 565 4757 Philipus
588 4675 707 4756 figulus
731 4690 841 4738 contra
864 4676 952 4738 lwan
978 4676 1110 4760 Gyurak
1140 4676 1242 4739 filium
1268 4677 1355 4759 Maly
1372 4677 1478 4759 primo

211 4779 323 4842 citatus
347 4800 413 4841 non
438 4782 627 4863 comparuit.
