3404 5362
510 113 596 169 Anno
620 108 715 187 1386.
741 145 782 155 —
799 127 833 189 3.
850 110 934 189 julii.
1308 135 1370 197 257

128 214 220 220 ——-
1035 220 1370 228 ——-..—

208 317 290 380 item
315 319 472 381 Martinus
497 320 591 402 Piper
616 334 724 382 contra
750 320 930 383 Johannem
954 323 1093 404 juratum
1118 325 1223 406 primo
1256 326 1370 389 citatus

99 444 162 485 non
189 425 385 507 comparuit.

206 531 287 592 Item
313 529 465 613 Gyurgek
490 544 600 592 contra
626 532 705 594 Bole
730 532 835 615 primo
865 535 977 595 citatus
1001 555 1066 596 non
1092 537 1281 618 comparuit.

208 636 289 698 Item
313 636 506 698 Benedictus
530 636 671 699 decanus
695 653 805 700 contra
829 640 1008 701 Johannem
1034 640 1172 720 juratum
1196 642 1301 723 primo
1326 643 1369 704 ci-

101 755 183 804 tatus
209 763 276 804 non
301 744 491 824 comparuit.

207 849 288 912 ltem
322 849 453 912 domina
486 854 580 911 Anna
611 870 720 912 socrus
750 851 887 934 Myklini
920 852 1057 913 condam
1088 852 1203 933 judicis
1227 853 1368 915 sedecim

103 952 208 1017 literas
225 954 360 1036 Georgii
381 956 496 1017 literati
515 975 572 1038 per
588 957 776 1017 mandatum
794 958 1034 1018 communitatis
1054 958 1230 1040 assignavit
1246 959 1367 1020 Jacobo

105 1058 185 1124 fratri
213 1063 314 1145 ipsius
340 1061 483 1144 Georgii,
515 1082 611 1145 super
635 1064 752 1144 quibus
785 1065 886 1146 ipsam
920 1064 1140 1125 commisimus
1174 1065 1368 1146 expeditam.

206 1169 287 1230 ltem
305 1169 393 1249 quod
410 1169 485 1250 quia
503 1168 635 1230 domina
653 1170 753 1230 Elena
771 1189 901 1231 consors
922 1170 1047 1231 Nicolai
1065 1169 1141 1230 dicti
1161 1170 1286 1231 Sarkan
1304 1169 1369 1232 filia

103 1273 252 1336 videlicet
274 1273 426 1356 Stephani
456 1274 650 1336 duodecimo
668 1295 700 1336 se
722 1275 809 1355 juxta
834 1289 975 1337 nostram
996 1275 1197 1355 judiciariam
1216 1277 1369 1336 commis·

99 1379 227 1443 sionem
260 1400 356 1462 super
380 1400 429 1458 e0,
454 1380 542 1463 quod
568 1381 635 1463 ipsa
659 1401 754 1463 super
778 1381 1029 1463 interempcione
1055 1382 1183 1442 Martini
1210 1382 1365 1443 innocens

95 1479 225 1565 fuisset,
244 1486 318 1547 ideo
336 1487 437 1569 ipsam
454 1486 620 1547 dominam
638 1506 733 1569 super
749 1488 911 1569 premissis
935 1487 1155 1548 commisimus
1172 1487 1363 1569 expeditam.

207 1592 287 1653 Item
320 1592 481 1654 Johannes
513 1593 612 1653 Pazar
644 1607 753 1655 contra
786 1594 948 1655 Jaklinum
980 1593 1121 1654 secundo
1154 1594 1266 1654 citatus
1298 1613 1362 1655 non

80 1699 294 1781 comparuit.

207 1805 288 1865 item
313 1823 406 1865 causa
424 1802 579 1864 iohannis
597 1818 708 1866 contra
732 1804 845 1888 Cygan
864 1805 903 1865 ad
921 1818 1072 1866 octavum
1096 1804 1182 1866 diem
1199 1805 1239 1865 ad
1257 1825 1368 1888 pacem

68 1922 137 1974 est
168 1925 311 1992 recepta.

206 2017 287 2077 item
312 2016 458 2077 Thomas
481 2014 565 2076 filius
583 2015 703 2077 Wlkan
728 2030 759 2078 et
783 2016 890 2078 Mathe
909 2031 1019 2077 contra
1045 2015 1238 2096 Gregorium
1259 2018 1365 2098 primo

60 2121 186 2185 citati
213 2141 281 2183 non
306 2135 562 2204 comparuerunt.

209 2227 290 2289 Item
314 2227 488 2308 quamdam
512 2227 723 2288 statucionem
742 2247 799 2308 pro
820 2246 957 2308 precone
976 2228 1114 2309 recipere
1144 2226 1369 2307 adjudicarunt

56 2333 189 2398 sicuti
218 2333 321 2413 ipsam
346 2332 480 2413 quidam
505 2332 707 2394 Teutunicus
732 2347 958 2395 conservasset.

207 2439 287 2500 Item
325 2439 478 2500 Nicolaus
512 2438 596 2500 filius
633 2438 757 2501 Odolas
794 2442 825 2499 in
861 2437 945 2500 facto
984 2439 1079 2499 unius
1115 2458 1219 2500 marce
1259 2454 1368 2500 contra

58 2537 267 2609 Thomam
293 2558 340 2606 est
363 2545 540 2627 expeditus.

207 2650 287 2714 Item
312 2652 429 2713 Paulus
453 2651 593 2712 condam
618 2671 714 2733 preco
738 2652 837 2713 tercio
861 2672 893 2712 se
918 2666 1031 2713 octavo
1063 2651 1114 2713 die
1138 2672 1233 2730 super
1257 2672 1295 2713 eo
1319 2652 1367 2733 ju·

65 2761 193 2836 rabit,
221 2758 309 2839 quod
336 2759 439 2840 ipsum
466 2759 591 2819 Mezera
620 2757 659 2818 ad
691 2757 953 2839 compellandum
986 2776 1099 2839 porcos
1122 2777 1198 2818 suos
1230 2778 1295 2820 non
1320 2779 1367 2820 as·

65 2864 301 2947 sumpsisset,
325 2884 431 2945 neque
448 2864 513 2946 ipse
531 2863 648 2924 Paulus
665 2864 750 2945 ipsos
767 2884 881 2945 porcos
907 2865 938 2924 in
956 2864 1102 2924 similiter
1125 2864 1364 2945 proteccionem

63 2985 161 3035 non
191 2971 372 3053 recepisset.

206 3077 286 3138 Item
311 3076 456 3138 Thomas
473 3096 574 3157 usque
599 3077 779 3157 quindenas
803 3097 861 3158 pro
879 3077 1022 3157 quodam
1039 3076 1171 3138 vulnere
1198 3078 1365 3139 cuiusdam

62 3181 312 3267 stipendiarii,
337 3183 442 3244 eidem
467 3182 578 3243 decern
604 3202 725 3243 mareas
748 3184 862 3259 solvat,
887 3182 936 3242 vel
963 3202 1094 3243 manum
1119 3203 1210 3243 suam
1228 3183 1366 3245 debeant

63 3288 292 3353 demactare.

205 3395 285 3457 Item
317 3395 403 3457 idem
436 3394 582 3456 Thomas
616 3413 716 3475 usque
748 3394 928 3474 quindenas
960 3395 1045 3455 lwan
1082 3395 1251 3455 balniatori
1285 3395 1367 3455 duas

62 3514 223 3564 marcas
247 3521 306 3584 pro
329 3520 388 3562 suo
413 3500 545 3562 vulnere
570 3501 694 3560 solvere
719 3500 824 3561 debet.

207 3607 287 3668 Item
311 3606 425 3690 Cygan
453 3619 562 3668 contra
588 3604 782 3688 Gregorium
816 3608 914 3667 tercio
944 3608 1057 3668 citatus
1086 3627 1151 3668 non
1177 3607 1367 3688 comparuit.

134 3842 233 3916 Faria
262 3847 371 3917 tercia
399 3846 555 3934 proxima
583 3852 661 3933 post
688 3845 810 3915 festum
838 3845 1015 3916 beatorum
1044 3844 1133 3914 Petri
1164 3851 1196 3914 et
1227 3843 1333 3915 Pauli.

655 3997 699 4072 (3.
715 3995 815 4072 julia).

207 4134 286 4196 Item
323 4135 459 4197 Selezko
495 4150 604 4196 contra
641 4136 804 4196 Andream
836 4151 977 4196 sutorem
1014 4135 1118 4215 primo
1154 4133 1268 4194 citatus
1299 4153 1365 4194 non

70 4240 291 4323 comparuit.

207 4346 285 4409 Item
318 4347 432 4430 Jaklyn
465 4361 574 4409 contra
600 4348 784 4409 Emericum
816 4348 920 4428 primo
945 4348 1058 4408 citatus
1083 4366 1146 4407 non
1176 4347 1365 4427 comparuit.

206 4451 283 4515 Item
308 4472 400 4513 causa
427 4452 599 4535 Dragonya
624 4466 733 4514 contra
758 4453 916 4514 Briccium
938 4453 1119 4514 sellatorem
1148 4452 1188 4513 ad
1214 4465 1363 4513 octavum

75 4548 187 4619 diem
212 4557 252 4619 ad
277 4577 389 4640 pacem
414 4573 460 4620 est
482 4573 618 4640 recepta.

1226 4669 1262 4730 ¹7
