3404 5362
636 106 721 162 Anno
743 100 836 180 1385.
861 136 902 146 -
925 118 972 166 11.
995 106 1122 177 augusti.

354 314 436 376 Item
460 314 613 376 Clemens
638 328 747 376 contra
774 313 942 376 Chernech
968 315 1072 396 primo
1097 315 1210 376 citatus
1234 334 1299 376 non
1324 314 1515 396 comparuit.

354 419 435 483 Item
452 420 561 482 Paulis
583 434 694 482 contra
718 419 913 501 Gregorium
937 420 1043 503 primo
1060 420 1174 482 citatus
1191 439 1256 482 non
1282 419 1472 501 comparuit.

354 526 433 588 Item
452 526 614 588 Iohannes
630 525 715 588 filius
731 526 817 587 Iwan
833 527 933 588 tercio
957 545 989 587 se
1008 539 1122 588 octavo
1140 525 1191 587 die
1216 545 1311 608 super
1334 544 1373 586 eo
1390 523 1519 605 jurabit,

251 632 337 712 quod
363 633 487 714 ipsein
512 632 656 713 quodam
678 630 841 694 furticinio
866 646 976 694 contra
1000 633 1129 693 Petrum
1155 630 1262 713 Gapar
1287 632 1441 693 innocens
1464 631 1515 693 sit.

353 737 433 800 Item
457 738 543 800 idem
569 736 731 799 Johannes
755 751 869 799 octavo
899 737 950 799 die
974 738 1116 800 secundo
1148 756 1180 798 se
1203 757 1298 820 super
1322 756 1361 798 eo
1383 735 1515 818 jurabit,

243 844 334 925 quod
362 845 430 926 ipse
454 844 583 906 Petrum
608 864 675 906 non
700 845 918 926 vituperasset.

351 949 430 1011 Item
456 970 549 1011 causa
566 949 697 1012 MartIni
714 962 823 1011 contra
841 949 1028 1032 Philippum
1052 948 1179 1011 fabrum
1196 949 1236 1011 ad
1261 965 1409 1012 octavum
1429 948 1516 1010 diem

233 1069 290 1116 est
318 1070 503 1138 prorogata.

352 1161 432 1223 Item
457 1162 525 1223 Kus
549 1177 663 1223 octavo
688 1161 739 1223 die
765 1181 821 1243 per
845 1175 1027 1224 consortem
1053 1161 1160 1224 Endre
1186 1163 1252 1246 Syb
1277 1175 1308 1224 et
1332 1177 1515 1224 consortem

221 1265 398 1349 Gregorii
423 1268 539 1349 Angeli
564 1287 599 1329 ac
624 1283 805 1330 consortem
831 1268 941 1328 Jacobi
972 1267 1032 1328 hoc
1057 1269 1215 1346 atestabit,
1241 1267 1329 1350 quod
1355 1267 1516 1350 Georgius

217 1375 466 1457 carpentarius
489 1394 580 1436 sunm
605 1387 784 1435 consortem
810 1374 1024 1456 percussisset.

352 1479 430 1542 Item
456 1480 541 1542 idem
569 1479 729 1561 Georgius
753 1494 868 1541 octavo
892 1480 944 1541 die
968 1499 1024 1562 per
1052 1481 1200 1542 dominas
1226 1480 1359 1542 Luciam
1384 1479 1509 1541 Nicolai

216 1600 429 1650 consortem
455 1600 486 1648 et
509 1600 691 1649 consortem
717 1586 874 1665 Matheus‚
906 1585 991 1648 lwan
1016 1601 1047 1649 et
1079 1586 1239 1649 Janchech
1263 1599 1427 1650 consortes
1451 1585 1512 1647 hoc

210 1693 403 1770 atestabit,
428 1692 517 1774 quod
540 1693 607 1775 ipse
631 1707 812 1754 consortem
839 1693 906 1753 Kus
931 1712 995 1754 non
1020 1693 1236 1774 percussisset.

352 1797 432 1861 Item
463 1799 546 1861 Rees
576 1812 686 1860 contra
718 1798 897 1860 Johannem
930 1797 1103 1881 pellilicem
1135 1798 1278 1861 secundo
1303 1798 1416 1859 citatus
1449 1817 1515 1859 non

219 1906 439 1988 comparuit.

354 2011 433 2074 Item
459 2011 590 2072 domina
615 2011 721 2072 lwann
751 2025 860 2072 contra
885 2010 1013 2071 Petrum
1045 2011 1188 2072 secundo
1213 2011 1307 2073 citata
1338 2028 1403 2070 non
1428 2028 1514 2070 com·

226 2119 363 2202 paruit.

352 2224 433 2286 Item
465 2225 615 2286 Marenus
638 2237 749 2284 contra
777 2223 980 2285 Anthonium
1012 2243 1077 2285 non
1102 2223 1292 2305 comparuit,
1316 2221 1513 2304 respondere

241 2332 384 2395 debens.

273 2566 371 2640 letis
400 2575 498 2639 sexta
526 2570 678 2656 proxima
707 2575 784 2656 post
811 2568 935 2639 festum
963 2571 1072 2639 sancti
1102 2568 1277 2639 laurencii
1309 2569 1473 2638 martisia.

771 2723 831 2796 (11.
856 2721 993 2793 augusti).

354 2858 432 2920 Item
464 2859 603 2921 Jacobus
626 2858 757 2941 pellifex
783 2880 883 2942 usque
908 2858 1023 2922 festum
1048 2858 1147 2921 sancti
1173 2858 1302 2919 MartIni
1327 2876 1412 2919 nunc
1436 2877 1513 2918 ven·

238 2978 354 3026 turum
371 2963 506 3026 heredes
523 2966 686 3027 BorouIna
702 2965 849 3048 pellificis
865 2981 918 3027 aut
935 2966 1042 3027 literas
1059 2965 1272 3045 expeditorias
1291 2982 1398 3025 coram
1416 2964 1511 3024 nobis

249 3085 387 3133 statuere
411 3071 517 3133 debet.

354 3177 432 3239 Item
460 3178 571 3240 Petrus
595 3193 683 3240 sutor
715 3192 829 3240 octavo
854 3179 906 3240 die
939 3199 993 3261 per
1018 3178 1155 3261 Mykech
1187 3176 1377 3253 institorem,
1401 3175 1509 3237 Endre

250 3282 315 3365 Syb
340 3298 372 3345 et
396 3285 526 3346 Petrum
551 3284 744 3366 Hungarum
769 3284 829 3346 hoc
861 3286 1018 3363 atestabit‚
1051 3284 1139 3367 quod
1165 3284 1296 3344 domina
1320 3282 1425 3343 Iwana
1449 3281 1509 3342 sibi

248 3390 453 3452 medictatem
478 3389 569 3452 fundi
594 3390 743 3452 dedisset.

354 3496 433 3558 Item
458 3497 611 3574 Nicolaus
642 3495 836 3578 Zdalchalep
870 3510 984 3559 octavo
1015 3497 1066 3558 die
1098 3517 1154 3579 per
1179 3495 1357 3577 Georgium
1383 3506 1413 3555 et
1437 3513 1512 3555 con-

248 3614 365 3664 sortem
399 3602 525 3664 Nicolai
559 3603 709 3686 Melyuga
741 3617 886 3664 vocatam
916 3617 947 3666 et
979 3605 1108 3664 Petrum
1140 3601 1338 3664 sacerdotem
1363 3600 1424 3661 hoc
1447 3612 1512 3661 ate·

246 3709 351 3788 stabit,
374 3709 461 3790 quod
487 3709 609 3791 Symon
639 3728 703 3770 non
737 3710 769 3770 in
802 3710 994 3792 depascione
1026 3709 1139 3771 sedin
1171 3728 1285 3790 campo
1311 3709 1409 3768 boves
1433 3724 1512 3766 suos

249 3815 429 3898 recepisset.

351 3921 430 3982 Item
456 3921 618 3983 Iohannes
649 3922 818 4005 Praudych
850 3937 959 3985 contra
995 3922 1193 4005 Stephanum
1226 3934 1339 3981 octavo
1379 3917 1431 3978 die
1464 3937 1512 3978 re·

248 4026 429 4109 spondebit.

352 4133 431 4195 Item
464 4154 556 4196 causa
589 4135 744 4197 Anthonii
776 4135 868 4217 jurati
909 4151 1019 4198 contra
1052 4134 1253 4219 Mychaelem
1286 4133 1326 4194 nd
1361 4145 1511 4194 octavum

248 4237 334 4301 diem
359 4240 398 4300 ad
423 4259 534 4321 pacem
559 4255 605 4302 est
633 4254 770 4323 recepta.

353 4345 431 4407 Item
456 4347 609 4408 Nicolaus
632 4347 716 4409 lilius
741 4348 865 4411 Nicolai
898 4361 1006 4411 contra
1033 4348 1227 4410 Damianum
1260 4347 1365 4430 prImo
1398 4345 1512 4407 citatus

249 4470 313 4513 non
338 4453 528 4534 comparuit.

353 4557 431 4621 Item
448 4558 581 4620 domina
593 4562 687 4620 Anna
702 4574 811 4621 contra
821 4560 1015 4622 Damianum
1027 4561 1130 4643 primo
1141 4561 1233 4623 citata
1243 4580 1307 4623 non
1322 4557 1511 4641 comparuit.
