<?xml version="1.0" encoding="UTF-8"?>
<!DOCTYPE html PUBLIC "-//W3C//DTD XHTML 1.0 Transitional//EN"
    "http://www.w3.org/TR/xhtml1/DTD/xhtml1-transitional.dtd">
<html xmlns="http://www.w3.org/1999/xhtml" xml:lang="en" lang="en">
 <head>
  <title>
</title>
<meta http-equiv="Content-Type" content="text/html;charset=utf-8" />
  <meta name='ocr-system' content='tesseract 3.04.00' />
  <meta name='ocr-capabilities' content='ocr_page ocr_carea ocr_par ocr_line ocrx_word'/>
</head>
<body>
  <div class='ocr_page' id='page_1' title='image "./monumentahistor04laszgoog/monumentahistor04laszgoog_0386.png"; bbox 0 0 3404 5362; ppageno 0'>
   <div class='ocr_carea' id='block_1_1' title="bbox 499 333 958 412">
    <p class='ocr_par' dir='ltr' id='par_1_1' title="bbox 499 333 958 412">
     <span class='ocr_line' id='line_1_1' title="bbox 499 333 958 412; baseline 0.002 -21"><span class='ocrx_word' id='word_1_1' title='bbox 499 335 584 391; x_wconf 84' lang='lat' dir='ltr'>Anno</span> <span class='ocrx_word' id='word_1_2' title='bbox 604 347 698 412; x_wconf 78' lang='lat'><em>1391.</em></span> <span class='ocrx_word' id='word_1_3' title='bbox 723 367 767 376; x_wconf 95' lang='lat'><em>-</em></span> <span class='ocrx_word' id='word_1_4' title='bbox 788 345 820 411; x_wconf 77' lang='lat'>4.</span> <span class='ocrx_word' id='word_1_5' title='bbox 845 333 958 406; x_wconf 77' lang='lat' dir='ltr'>opn&#39;lis.</span> 
     </span>
    </p>
   </div>
   <div class='ocr_carea' id='block_1_2' title="bbox 121 431 813 449">
    <p class='ocr_par' dir='ltr' id='par_1_2' title="bbox 121 431 813 449">
     <span class='ocr_line' id='line_1_2' title="bbox 121 431 813 449; baseline -0.004 -2"><span class='ocrx_word' id='word_1_6' title='bbox 121 431 233 449; x_wconf 47' lang='grc' dir='ltr'>“χ.,...</span> <span class='ocrx_word' id='word_1_7' title='bbox 247 442 535 449; x_wconf 80' lang='lat'>———.—.-</span> <span class='ocrx_word' id='word_1_8' title='bbox 551 440 813 447; x_wconf 82' lang='lat'>—-..—-.-.—.</span> 
     </span>
    </p>
   </div>
   <div class='ocr_carea' id='block_1_3' title="bbox 271 553 1232 644">
    <p class='ocr_par' dir='ltr' id='par_1_3' title="bbox 271 553 1232 644">
     <span class='ocr_line' id='line_1_3' title="bbox 271 553 1232 644; baseline -0.007 -16"><span class='ocrx_word' id='word_1_9' title='bbox 271 554 366 628; x_wconf 80' lang='lat' dir='ltr'>Feria</span> <span class='ocrx_word' id='word_1_10' title='bbox 395 561 494 627; x_wconf 85' lang='lat' dir='ltr'>sexta</span> <span class='ocrx_word' id='word_1_11' title='bbox 523 557 678 644; x_wconf 84' lang='lat' dir='ltr'>proxima</span> <span class='ocrx_word' id='word_1_12' title='bbox 705 561 782 644; x_wconf 86' lang='lat' dir='ltr'>post</span> <span class='ocrx_word' id='word_1_13' title='bbox 809 554 932 625; x_wconf 86' lang='lat' dir='ltr'>festum</span> <span class='ocrx_word' id='word_1_14' title='bbox 961 553 1067 624; x_wconf 85' lang='lat' dir='ltr'>Pasce</span> <span class='ocrx_word' id='word_1_15' title='bbox 1095 553 1232 624; x_wconf 88' lang='lat' dir='ltr'>domini.</span> 
     </span>
    </p>
   </div>
   <div class='ocr_carea' id='block_1_4' title="bbox 636 706 845 785">
    <p class='ocr_par' dir='ltr' id='par_1_4' title="bbox 636 706 845 785">
     <span class='ocr_line' id='line_1_4' title="bbox 636 706 845 785; baseline 0.005 -20"><span class='ocrx_word' id='word_1_16' title='bbox 636 719 698 785; x_wconf 77' lang='lat'>(31.</span> <span class='ocrx_word' id='word_1_17' title='bbox 722 706 845 783; x_wconf 83' lang='lat' dir='ltr'>martii).</span> 
     </span>
    </p>
   </div>
   <div class='ocr_carea' id='block_1_5' title="bbox 45 843 1377 3589">
    <p class='ocr_par' dir='ltr' id='par_1_5' title="bbox 45 843 1377 3589">
     <span class='ocr_line' id='line_1_5' title="bbox 218 843 1377 930; baseline -0.005 -17"><span class='ocrx_word' id='word_1_18' title='bbox 218 850 293 913; x_wconf 89' lang='lat' dir='ltr'>ltem</span> <span class='ocrx_word' id='word_1_19' title='bbox 319 849 479 911; x_wconf 89' lang='lat' dir='ltr'>Pertlinus</span> <span class='ocrx_word' id='word_1_20' title='bbox 503 847 624 930; x_wconf 82' lang='lat' dir='ltr'>juratus</span> <span class='ocrx_word' id='word_1_21' title='bbox 648 861 757 910; x_wconf 86' lang='lat' dir='ltr'>contra</span> <span class='ocrx_word' id='word_1_22' title='bbox 786 847 916 908; x_wconf 87' lang='lat' dir='ltr'>Petrum</span> <span class='ocrx_word' id='word_1_23' title='bbox 949 858 1103 907; x_wconf 81' lang='lat' dir='ltr'>sartorem</span> <span class='ocrx_word' id='word_1_24' title='bbox 1128 845 1160 906; x_wconf 88' lang='lat' dir='ltr'>in</span> <span class='ocrx_word' id='word_1_25' title='bbox 1185 857 1300 906; x_wconf 88' lang='lat' dir='ltr'>octavo</span> <span class='ocrx_word' id='word_1_26' title='bbox 1325 843 1377 907; x_wconf 85' lang='lat' dir='ltr'>die</span> 
     </span>
     <span class='ocr_line' id='line_1_6' title="bbox 61 925 1376 1034; baseline -0.001 -22"><span class='ocrx_word' id='word_1_27' title='bbox 61 925 318 1019; x_wconf 75' lang='lat' dir='ltr'>Valentinum</span> <span class='ocrx_word' id='word_1_28' title='bbox 336 955 510 1032; x_wconf 85' lang='lat' dir='ltr'>medicum,</span> <span class='ocrx_word' id='word_1_29' title='bbox 528 954 709 1016; x_wconf 88' lang='lat' dir='ltr'>Johannem</span> <span class='ocrx_word' id='word_1_30' title='bbox 727 954 833 1033; x_wconf 84' lang='lat' dir='ltr'>Pasar,</span> <span class='ocrx_word' id='word_1_31' title='bbox 851 965 946 1034; x_wconf 94' lang='lat' dir='ltr'>prout</span> <span class='ocrx_word' id='word_1_32' title='bbox 962 965 1056 1013; x_wconf 86' lang='lat' dir='ltr'>testes</span> <span class='ocrx_word' id='word_1_33' title='bbox 1073 950 1251 1034; x_wconf 88' lang='lat' dir='ltr'>producere</span> <span class='ocrx_word' id='word_1_34' title='bbox 1268 950 1376 1029; x_wconf 85' lang='lat' dir='ltr'>debet,</span> 
     </span>
     <span class='ocr_line' id='line_1_7' title="bbox 53 1053 575 1146; baseline 0.008 -26"><span class='ocrx_word' id='word_1_35' title='bbox 53 1053 200 1123; x_wconf 76' lang='lat' dir='ltr'>quod</span> <span class='ocrx_word' id='word_1_36' title='bbox 225 1064 329 1146; x_wconf 90' lang='lat' dir='ltr'>ipsum</span> <span class='ocrx_word' id='word_1_37' title='bbox 355 1062 575 1144; x_wconf 84' lang='lat' dir='ltr'><strong>vituperasset.</strong></span> 
     </span>
     <span class='ocr_line' id='line_1_8' title="bbox 218 1163 1375 1248; baseline -0.005 -17"><span class='ocrx_word' id='word_1_38' title='bbox 218 1170 295 1231; x_wconf 85' lang='lat' dir='ltr'>item</span> <span class='ocrx_word' id='word_1_39' title='bbox 322 1168 406 1229; x_wconf 93' lang='lat' dir='ltr'>idem</span> <span class='ocrx_word' id='word_1_40' title='bbox 433 1169 543 1229; x_wconf 86' lang='lat' dir='ltr'>Petrus</span> <span class='ocrx_word' id='word_1_41' title='bbox 575 1180 686 1230; x_wconf 92' lang='lat' dir='ltr'>contra</span> <span class='ocrx_word' id='word_1_42' title='bbox 717 1166 823 1248; x_wconf 89' lang='lat' dir='ltr'>ipsum</span> <span class='ocrx_word' id='word_1_43' title='bbox 851 1164 1030 1228; x_wconf 89' lang='lat' dir='ltr'>Pertlinum</span> <span class='ocrx_word' id='word_1_44' title='bbox 1063 1164 1094 1225; x_wconf 91' lang='lat' dir='ltr'>in</span> <span class='ocrx_word' id='word_1_45' title='bbox 1120 1163 1235 1226; x_wconf 89' lang='lat' dir='ltr'>eodem</span> <span class='ocrx_word' id='word_1_46' title='bbox 1260 1177 1375 1226; x_wconf 90' lang='lat' dir='ltr'>octavo</span> 
     </span>
     <span class='ocr_line' id='line_1_9' title="bbox 45 1246 1377 1357; baseline -0.004 -22"><span class='ocrx_word' id='word_1_47' title='bbox 45 1246 113 1317; x_wconf 77' lang='lat' dir='ltr'>di</span> <span class='ocrx_word' id='word_1_48' title='bbox 128 1290 165 1334; x_wconf 75' lang='lat' dir='ltr'>e</span> <span class='ocrx_word' id='word_1_49' title='bbox 188 1275 364 1357; x_wconf 83' lang='lat' dir='ltr'>Georgium</span> <span class='ocrx_word' id='word_1_50' title='bbox 379 1275 418 1336; x_wconf 91' lang='lat' dir='ltr'>de</span> <span class='ocrx_word' id='word_1_51' title='bbox 436 1273 622 1353; x_wconf 84' lang='lat' dir='ltr'>Rakouech,</span> <span class='ocrx_word' id='word_1_52' title='bbox 638 1272 843 1334; x_wconf 89' lang='lat' dir='ltr'>Franciscum</span> <span class='ocrx_word' id='word_1_53' title='bbox 874 1269 1000 1332; x_wconf 84' lang='lat' dir='ltr'>fabrum</span> <span class='ocrx_word' id='word_1_54' title='bbox 1024 1282 1055 1332; x_wconf 91' lang='lat' dir='ltr'>et</span> <span class='ocrx_word' id='word_1_55' title='bbox 1079 1269 1259 1332; x_wconf 85' lang='lat' dir='ltr'>Johannem</span> <span class='ocrx_word' id='word_1_56' title='bbox 1278 1270 1377 1331; x_wconf 83' lang='lat' dir='ltr'>Pazar</span> 
     </span>
     <span class='ocr_line' id='line_1_10' title="bbox 46 1359 1165 1464; baseline -0.004 -20"><span class='ocrx_word' id='word_1_57' title='bbox 46 1359 257 1443; x_wconf 64' lang='grc' dir='ltr'>8Ῑῐηίῐὶῐετ</span> <span class='ocrx_word' id='word_1_58' title='bbox 280 1381 458 1464; x_wconf 87' lang='lat' dir='ltr'>producere</span> <span class='ocrx_word' id='word_1_59' title='bbox 483 1380 590 1458; x_wconf 88' lang='lat' dir='ltr'>debet,</span> <span class='ocrx_word' id='word_1_60' title='bbox 614 1377 702 1461; x_wconf 91' lang='lat' dir='ltr'>quod</span> <span class='ocrx_word' id='word_1_61' title='bbox 728 1378 832 1460; x_wconf 89' lang='lat' dir='ltr'>ipsum</span> <span class='ocrx_word' id='word_1_62' title='bbox 858 1396 922 1439; x_wconf 90' lang='lat' dir='ltr'>non</span> <span class='ocrx_word' id='word_1_63' title='bbox 948 1377 1165 1458; x_wconf 76' lang='lat' dir='ltr'>vituperasset.</span> 
     </span>
     <span class='ocr_line' id='line_1_11' title="bbox 152 1483 1376 1562; baseline -0.004 -12"><span class='ocrx_word' id='word_1_64' title='bbox 152 1556 157 1562; x_wconf 54' lang='grc'>,</span> <span class='ocrx_word' id='word_1_65' title='bbox 218 1487 296 1550; x_wconf 86' lang='lat' dir='ltr'>item</span> <span class='ocrx_word' id='word_1_66' title='bbox 322 1486 429 1549; x_wconf 91' lang='lat' dir='ltr'>Giuan</span> <span class='ocrx_word' id='word_1_67' title='bbox 454 1485 599 1548; x_wconf 89' lang='lat' dir='ltr'>Gallicus</span> <span class='ocrx_word' id='word_1_68' title='bbox 622 1498 731 1546; x_wconf 89' lang='lat' dir='ltr'>contra</span> <span class='ocrx_word' id='word_1_69' title='bbox 756 1483 928 1546; x_wconf 88' lang='lat' dir='ltr'>Nicolaum</span> <span class='ocrx_word' id='word_1_70' title='bbox 954 1483 1102 1545; x_wconf 87' lang='lat' dir='ltr'>Delasich</span> <span class='ocrx_word' id='word_1_71' title='bbox 1127 1484 1160 1544; x_wconf 90' lang='lat' dir='ltr'>in</span> <span class='ocrx_word' id='word_1_72' title='bbox 1185 1496 1298 1544; x_wconf 90' lang='lat' dir='ltr'>octavo</span> <span class='ocrx_word' id='word_1_73' title='bbox 1323 1483 1376 1545; x_wconf 92' lang='lat' dir='ltr'>die</span> 
     </span>
     <span class='ocr_line' id='line_1_12' title="bbox 52 1582 329 1677; baseline 0.004 -21"><span class='ocrx_word' id='word_1_74' title='bbox 52 1582 329 1677; x_wconf 52' lang='lat' dir='ltr'>respondebit.</span> 
     </span>
     <span class='ocr_line' id='line_1_13' title="bbox 217 1695 1377 1778; baseline -0.004 -16"><span class='ocrx_word' id='word_1_75' title='bbox 217 1702 295 1763; x_wconf 86' lang='lat' dir='ltr'>Item</span> <span class='ocrx_word' id='word_1_76' title='bbox 319 1698 490 1764; x_wconf 90' lang='lat' dir='ltr'>Conradus</span> <span class='ocrx_word' id='word_1_77' title='bbox 514 1712 602 1760; x_wconf 91' lang='lat' dir='ltr'>sutor</span> <span class='ocrx_word' id='word_1_78' title='bbox 627 1711 737 1759; x_wconf 89' lang='lat' dir='ltr'>contra</span> <span class='ocrx_word' id='word_1_79' title='bbox 761 1696 933 1759; x_wconf 88' lang='lat' dir='ltr'>Nicolaum</span> <span class='ocrx_word' id='word_1_80' title='bbox 958 1695 1107 1757; x_wconf 90' lang='lat' dir='ltr'>Delasich</span> <span class='ocrx_word' id='word_1_81' title='bbox 1133 1695 1237 1778; x_wconf 89' lang='lat' dir='ltr'>primo</span> <span class='ocrx_word' id='word_1_82' title='bbox 1263 1695 1377 1758; x_wconf 89' lang='lat' dir='ltr'>citatus</span> 
     </span>
     <span class='ocr_line' id='line_1_14' title="bbox 50 1796 391 1889; baseline -0.003 -21"><span class='ocrx_word' id='word_1_83' title='bbox 50 1796 174 1869; x_wconf 70' lang='lat' dir='ltr'>11Qu</span> <span class='ocrx_word' id='word_1_84' title='bbox 201 1807 391 1889; x_wconf 87' lang='lat' dir='ltr'>comparuit.</span> 
     </span>
     <span class='ocr_line' id='line_1_15' title="bbox 215 1908 1375 1990; baseline -0.005 -14"><span class='ocrx_word' id='word_1_85' title='bbox 215 1915 293 1977; x_wconf 87' lang='lat' dir='ltr'>Item</span> <span class='ocrx_word' id='word_1_86' title='bbox 319 1913 468 1975; x_wconf 88' lang='lat' dir='ltr'>Vrbanus</span> <span class='ocrx_word' id='word_1_87' title='bbox 492 1925 601 1974; x_wconf 90' lang='lat' dir='ltr'>contra</span> <span class='ocrx_word' id='word_1_88' title='bbox 625 1911 805 1973; x_wconf 89' lang='lat' dir='ltr'>Johannem</span> <span class='ocrx_word' id='word_1_89' title='bbox 823 1908 1020 1972; x_wconf 85' lang='lat' dir='ltr'>Hermauich</span> <span class='ocrx_word' id='word_1_90' title='bbox 1045 1908 1150 1990; x_wconf 92' lang='lat' dir='ltr'>primo</span> <span class='ocrx_word' id='word_1_91' title='bbox 1176 1909 1289 1970; x_wconf 88' lang='lat' dir='ltr'>citatus</span> <span class='ocrx_word' id='word_1_92' title='bbox 1309 1929 1375 1970; x_wconf 90' lang='lat' dir='ltr'>non</span> 
     </span>
     <span class='ocr_line' id='line_1_16' title="bbox 55 2016 302 2102; baseline 0.004 -21"><span class='ocrx_word' id='word_1_93' title='bbox 55 2016 302 2102; x_wconf 70' lang='lat' dir='ltr'>eomparuit.</span> 
     </span>
     <span class='ocr_line' id='line_1_17' title="bbox 213 2121 1377 2207; baseline -0.003 -19"><span class='ocrx_word' id='word_1_94' title='bbox 213 2127 293 2188; x_wconf 89' lang='lat' dir='ltr'>item</span> <span class='ocrx_word' id='word_1_95' title='bbox 318 2123 495 2207; x_wconf 85' lang='lat' dir='ltr'>Gregorius</span> <span class='ocrx_word' id='word_1_96' title='bbox 519 2124 659 2186; x_wconf 87' lang='lat' dir='ltr'>decanus</span> <span class='ocrx_word' id='word_1_97' title='bbox 683 2136 794 2186; x_wconf 91' lang='lat' dir='ltr'>contra</span> <span class='ocrx_word' id='word_1_98' title='bbox 818 2122 958 2186; x_wconf 89' lang='lat' dir='ltr'>eundem</span> <span class='ocrx_word' id='word_1_99' title='bbox 991 2121 1171 2183; x_wconf 89' lang='lat' dir='ltr'>Johannem</span> <span class='ocrx_word' id='word_1_100' title='bbox 1198 2122 1302 2204; x_wconf 89' lang='lat' dir='ltr'>primo</span> <span class='ocrx_word' id='word_1_101' title='bbox 1334 2123 1377 2184; x_wconf 92' lang='lat' dir='ltr'>ci·</span> 
     </span>
     <span class='ocr_line' id='line_1_18' title="bbox 49 2221 496 2314; baseline 0.007 -23"><span class='ocrx_word' id='word_1_102' title='bbox 49 2221 192 2298; x_wconf 62' lang='lat' dir='ltr'>tatus</span> <span class='ocrx_word' id='word_1_103' title='bbox 216 2252 282 2294; x_wconf 88' lang='lat' dir='ltr'>non</span> <span class='ocrx_word' id='word_1_104' title='bbox 307 2231 496 2314; x_wconf 86' lang='lat' dir='ltr'>comparuit.</span> 
     </span>
     <span class='ocr_line' id='line_1_19' title="bbox 216 2335 1374 2418; baseline -0.003 -19"><span class='ocrx_word' id='word_1_105' title='bbox 216 2338 293 2399; x_wconf 86' lang='lat' dir='ltr'>Item</span> <span class='ocrx_word' id='word_1_106' title='bbox 320 2337 471 2399; x_wconf 88' lang='lat' dir='ltr'>Miclinus</span> <span class='ocrx_word' id='word_1_107' title='bbox 496 2338 621 2399; x_wconf 87' lang='lat' dir='ltr'>institor</span> <span class='ocrx_word' id='word_1_108' title='bbox 652 2350 762 2399; x_wconf 88' lang='lat' dir='ltr'>contra</span> <span class='ocrx_word' id='word_1_109' title='bbox 794 2336 995 2398; x_wconf 88' lang='lat' dir='ltr'>Demetrium</span> <span class='ocrx_word' id='word_1_110' title='bbox 1027 2336 1132 2418; x_wconf 91' lang='lat' dir='ltr'>primo</span> <span class='ocrx_word' id='word_1_111' title='bbox 1165 2335 1279 2396; x_wconf 90' lang='lat' dir='ltr'>citatus</span> <span class='ocrx_word' id='word_1_112' title='bbox 1308 2354 1374 2396; x_wconf 89' lang='lat' dir='ltr'>oon</span> 
     </span>
     <span class='ocr_line' id='line_1_20' title="bbox 54 2445 312 2527; baseline -0.004 -20"><span class='ocrx_word' id='word_1_113' title='bbox 54 2445 312 2527; x_wconf 55' lang='lat' dir='ltr'>comparuit:</span> 
     </span>
     <span class='ocr_line' id='line_1_21' title="bbox 217 2548 1377 2632; baseline -0.001 -20"><span class='ocrx_word' id='word_1_114' title='bbox 217 2551 293 2613; x_wconf 89' lang='lat' dir='ltr'>item</span> <span class='ocrx_word' id='word_1_115' title='bbox 321 2552 430 2614; x_wconf 83' lang='lat' dir='ltr'>Marco</span> <span class='ocrx_word' id='word_1_116' title='bbox 455 2551 539 2614; x_wconf 89' lang='lat' dir='ltr'>filius</span> <span class='ocrx_word' id='word_1_117' title='bbox 564 2551 725 2613; x_wconf 90' lang='lat' dir='ltr'>Leonardi</span> <span class='ocrx_word' id='word_1_118' title='bbox 743 2564 852 2613; x_wconf 90' lang='lat' dir='ltr'>contra</span> <span class='ocrx_word' id='word_1_119' title='bbox 878 2549 1077 2632; x_wconf 86' lang='lat' dir='ltr'>Stephanum</span> <span class='ocrx_word' id='word_1_120' title='bbox 1100 2548 1244 2612; x_wconf 88' lang='lat' dir='ltr'>secundo</span> <span class='ocrx_word' id='word_1_121' title='bbox 1263 2549 1377 2611; x_wconf 86' lang='lat' dir='ltr'>citatus</span> 
     </span>
     <span class='ocr_line' id='line_1_22' title="bbox 59 2656 397 2738; baseline -0.003 -17"><span class='ocrx_word' id='word_1_122' title='bbox 59 2656 170 2721; x_wconf 67' lang='grc' dir='ltr'>ιἸοῖ]</span> <span class='ocrx_word' id='word_1_123' title='bbox 207 2657 397 2738; x_wconf 88' lang='lat' dir='ltr'>comparuit.</span> 
     </span>
     <span class='ocr_line' id='line_1_23' title="bbox 215 2761 1377 2847; baseline 0.002 -24"><span class='ocrx_word' id='word_1_124' title='bbox 215 2762 293 2825; x_wconf 93' lang='lat' dir='ltr'>Item</span> <span class='ocrx_word' id='word_1_125' title='bbox 318 2762 503 2825; x_wconf 80' lang='lat' dir='ltr'>Anthonius</span> <span class='ocrx_word' id='word_1_126' title='bbox 527 2776 642 2825; x_wconf 90' lang='lat' dir='ltr'>octavo</span> <span class='ocrx_word' id='word_1_127' title='bbox 666 2763 717 2825; x_wconf 91' lang='lat' dir='ltr'>die</span> <span class='ocrx_word' id='word_1_128' title='bbox 742 2763 884 2826; x_wconf 89' lang='lat' dir='ltr'>secundo</span> <span class='ocrx_word' id='word_1_129' title='bbox 909 2784 942 2826; x_wconf 90' lang='lat' dir='ltr'>se</span> <span class='ocrx_word' id='word_1_130' title='bbox 958 2783 1053 2847; x_wconf 91' lang='lat' dir='ltr'>super</span> <span class='ocrx_word' id='word_1_131' title='bbox 1078 2783 1117 2825; x_wconf 91' lang='lat' dir='ltr'>eo</span> <span class='ocrx_word' id='word_1_132' title='bbox 1142 2761 1245 2843; x_wconf 83' lang='lat' dir='ltr'>jurare</span> <span class='ocrx_word' id='word_1_133' title='bbox 1271 2761 1377 2841; x_wconf 85' lang='lat' dir='ltr'>debet,</span> 
     </span>
     <span class='ocr_line' id='line_1_24' title="bbox 62 2867 1376 2951; baseline 0.002 -25"><span class='ocrx_word' id='word_1_134' title='bbox 62 2869 134 2934; x_wconf 65' lang='lat' dir='ltr'>ht</span> <span class='ocrx_word' id='word_1_135' title='bbox 162 2871 273 2950; x_wconf 88' lang='lat' dir='ltr'>ipsum</span> <span class='ocrx_word' id='word_1_136' title='bbox 300 2868 412 2931; x_wconf 84' lang='lat' dir='ltr'>Petrus</span> <span class='ocrx_word' id='word_1_137' title='bbox 440 2867 580 2930; x_wconf 89' lang='lat' dir='ltr'>decanus</span> <span class='ocrx_word' id='word_1_138' title='bbox 611 2889 712 2951; x_wconf 90' lang='lat' dir='ltr'>usque</span> <span class='ocrx_word' id='word_1_139' title='bbox 743 2870 906 2951; x_wconf 86' lang='lat' dir='ltr'>sangvinis</span> <span class='ocrx_word' id='word_1_140' title='bbox 939 2870 1128 2932; x_wconf 83' lang='lat' dir='ltr'>effusionem</span> <span class='ocrx_word' id='word_1_141' title='bbox 1161 2869 1376 2950; x_wconf 86' lang='lat' dir='ltr'>percussisset.</span> 
     </span>
     <span class='ocr_line' id='line_1_25' title="bbox 215 2974 1376 3057; baseline -0.002 -20"><span class='ocrx_word' id='word_1_142' title='bbox 215 2975 293 3037; x_wconf 86' lang='lat' dir='ltr'>item</span> <span class='ocrx_word' id='word_1_143' title='bbox 319 2995 412 3037; x_wconf 89' lang='lat' dir='ltr'>causa</span> <span class='ocrx_word' id='word_1_144' title='bbox 434 2975 559 3036; x_wconf 89' lang='lat' dir='ltr'>Nicolai</span> <span class='ocrx_word' id='word_1_145' title='bbox 577 2975 726 3037; x_wconf 90' lang='lat' dir='ltr'>Delasich</span> <span class='ocrx_word' id='word_1_146' title='bbox 752 2988 783 3038; x_wconf 93' lang='lat' dir='ltr'>et</span> <span class='ocrx_word' id='word_1_147' title='bbox 799 2975 955 3037; x_wconf 81' lang='lat' dir='ltr'>iohannis</span> <span class='ocrx_word' id='word_1_148' title='bbox 977 2975 1173 3037; x_wconf 87' lang='lat' dir='ltr'>Hermauich</span> <span class='ocrx_word' id='word_1_149' title='bbox 1191 2987 1222 3035; x_wconf 91' lang='lat' dir='ltr'>et</span> <span class='ocrx_word' id='word_1_150' title='bbox 1238 2974 1376 3057; x_wconf 88' lang='lat' dir='ltr'>Blasych</span> 
     </span>
     <span class='ocr_line' id='line_1_26' title="bbox 62 3080 1377 3168; baseline -0.004 -21"><span class='ocrx_word' id='word_1_151' title='bbox 62 3088 204 3168; x_wconf 58' lang='lat' dir='ltr'>8uper</span> <span class='ocrx_word' id='word_1_152' title='bbox 229 3080 310 3143; x_wconf 87' lang='lat' dir='ltr'>facta</span> <span class='ocrx_word' id='word_1_153' title='bbox 335 3081 523 3163; x_wconf 89' lang='lat' dir='ltr'>reccpcione</span> <span class='ocrx_word' id='word_1_154' title='bbox 548 3082 645 3143; x_wconf 91' lang='lat' dir='ltr'>trium</span> <span class='ocrx_word' id='word_1_155' title='bbox 669 3101 828 3163; x_wconf 90' lang='lat' dir='ltr'>equorum</span> <span class='ocrx_word' id='word_1_156' title='bbox 851 3102 934 3164; x_wconf 85' lang='lat' dir='ltr'>quos</span> <span class='ocrx_word' id='word_1_157' title='bbox 950 3083 1035 3144; x_wconf 86' lang='lat' dir='ltr'>cives</span> <span class='ocrx_word' id='word_1_158' title='bbox 1059 3081 1097 3142; x_wconf 92' lang='lat' dir='ltr'>de</span> <span class='ocrx_word' id='word_1_159' title='bbox 1124 3080 1303 3162; x_wconf 85' lang='lat' dir='ltr'>Segesdino</span> <span class='ocrx_word' id='word_1_160' title='bbox 1328 3100 1377 3142; x_wconf 87' lang='lat' dir='ltr'>re·</span> 
     </span>
     <span class='ocr_line' id='line_1_27' title="bbox 68 3187 1377 3275; baseline 0 -27"><span class='ocrx_word' id='word_1_161' title='bbox 68 3202 262 3275; x_wconf 65' lang='lat' dir='ltr'>ceperant</span> <span class='ocrx_word' id='word_1_162' title='bbox 287 3208 344 3271; x_wconf 90' lang='lat' dir='ltr'>per</span> <span class='ocrx_word' id='word_1_163' title='bbox 369 3188 488 3263; x_wconf 79' lang='lat' dir='ltr'>iuratos</span> <span class='ocrx_word' id='word_1_164' title='bbox 512 3188 556 3249; x_wconf 91' lang='lat' dir='ltr'>sic</span> <span class='ocrx_word' id='word_1_165' title='bbox 580 3202 627 3251; x_wconf 90' lang='lat' dir='ltr'>est</span> <span class='ocrx_word' id='word_1_166' title='bbox 651 3187 843 3268; x_wconf 86' lang='lat' dir='ltr'>adjudicata,</span> <span class='ocrx_word' id='word_1_167' title='bbox 874 3188 962 3270; x_wconf 92' lang='lat' dir='ltr'>quod</span> <span class='ocrx_word' id='word_1_168' title='bbox 986 3188 1071 3250; x_wconf 90' lang='lat' dir='ltr'>idem</span> <span class='ocrx_word' id='word_1_169' title='bbox 1096 3187 1250 3249; x_wconf 91' lang='lat' dir='ltr'>Nicolaus</span> <span class='ocrx_word' id='word_1_170' title='bbox 1272 3200 1377 3249; x_wconf 90' lang='lat' dir='ltr'>totum</span> 
     </span>
     <span class='ocr_line' id='line_1_28' title="bbox 72 3291 1376 3378; baseline -0.005 -18"><span class='ocrx_word' id='word_1_171' title='bbox 72 3296 290 3378; x_wconf 80' lang='lat' dir='ltr'>dampnum</span> <span class='ocrx_word' id='word_1_172' title='bbox 321 3294 409 3356; x_wconf 89' lang='lat' dir='ltr'>solus</span> <span class='ocrx_word' id='word_1_173' title='bbox 440 3294 577 3356; x_wconf 91' lang='lat' dir='ltr'>tolerare</span> <span class='ocrx_word' id='word_1_174' title='bbox 609 3294 735 3373; x_wconf 87' lang='lat' dir='ltr'>debeat,</span> <span class='ocrx_word' id='word_1_175' title='bbox 767 3294 843 3375; x_wconf 87' lang='lat' dir='ltr'>quia</span> <span class='ocrx_word' id='word_1_176' title='bbox 873 3308 1004 3377; x_wconf 88' lang='lat' dir='ltr'>propter</span> <span class='ocrx_word' id='word_1_177' title='bbox 1029 3295 1133 3377; x_wconf 88' lang='lat' dir='ltr'>ipsum</span> <span class='ocrx_word' id='word_1_178' title='bbox 1165 3291 1294 3354; x_wconf 79' lang='lat' dir='ltr'>fuerunt</span> <span class='ocrx_word' id='word_1_179' title='bbox 1317 3293 1376 3375; x_wconf 89' lang='lat' dir='ltr'>ipsi</span> 
     </span>
     <span class='ocr_line' id='line_1_29' title="bbox 67 3399 1377 3482; baseline 0 -21"><span class='ocrx_word' id='word_1_180' title='bbox 67 3408 169 3469; x_wconf 85' lang='lat' dir='ltr'>tres</span> <span class='ocrx_word' id='word_1_181' title='bbox 194 3401 271 3482; x_wconf 89' lang='lat' dir='ltr'>equi</span> <span class='ocrx_word' id='word_1_182' title='bbox 295 3401 441 3476; x_wconf 80' lang='lat' dir='ltr'>arestati3</span> <span class='ocrx_word' id='word_1_183' title='bbox 476 3401 544 3482; x_wconf 90' lang='lat' dir='ltr'>ipse</span> <span class='ocrx_word' id='word_1_184' title='bbox 579 3420 655 3462; x_wconf 87' lang='lat' dir='ltr'>vero</span> <span class='ocrx_word' id='word_1_185' title='bbox 688 3399 841 3461; x_wconf 87' lang='lat' dir='ltr'>Nicolaus</span> <span class='ocrx_word' id='word_1_186' title='bbox 875 3401 976 3482; x_wconf 89' lang='lat' dir='ltr'>ipsam</span> <span class='ocrx_word' id='word_1_187' title='bbox 1008 3419 1136 3462; x_wconf 89' lang='lat' dir='ltr'>causam</span> <span class='ocrx_word' id='word_1_188' title='bbox 1162 3399 1202 3461; x_wconf 92' lang='lat' dir='ltr'>ad</span> <span class='ocrx_word' id='word_1_189' title='bbox 1227 3399 1377 3481; x_wconf 88' lang='lat' dir='ltr'>antiquos</span> 
     </span>
     <span class='ocr_line' id='line_1_30' title="bbox 74 3501 440 3589; baseline -0.016 -14"><span class='ocrx_word' id='word_1_190' title='bbox 74 3501 234 3581; x_wconf 79' lang='lat' dir='ltr'>iudices</span> <span class='ocrx_word' id='word_1_191' title='bbox 257 3506 440 3589; x_wconf 89' lang='lat' dir='ltr'>appellavit.</span> 
     </span>
    </p>
   </div>
   <div class='ocr_carea' id='block_1_6' title="bbox 178 3727 1306 3817">
    <p class='ocr_par' dir='ltr' id='par_1_6' title="bbox 178 3727 1306 3817">
     <span class='ocr_line' id='line_1_31' title="bbox 178 3727 1306 3817; baseline -0.004 -16"><span class='ocrx_word' id='word_1_192' title='bbox 178 3727 277 3801; x_wconf 80' lang='lat' dir='ltr'>Feria</span> <span class='ocrx_word' id='word_1_193' title='bbox 306 3729 413 3800; x_wconf 85' lang='lat' dir='ltr'>tercia</span> <span class='ocrx_word' id='word_1_194' title='bbox 443 3729 596 3816; x_wconf 86' lang='lat' dir='ltr'>proxima</span> <span class='ocrx_word' id='word_1_195' title='bbox 625 3735 702 3817; x_wconf 84' lang='lat' dir='ltr'>post</span> <span class='ocrx_word' id='word_1_196' title='bbox 730 3736 869 3799; x_wconf 83' lang='lat' dir='ltr'>octavas</span> <span class='ocrx_word' id='word_1_197' title='bbox 898 3728 977 3799; x_wconf 81' lang='lat' dir='ltr'>festi</span> <span class='ocrx_word' id='word_1_198' title='bbox 1006 3728 1134 3799; x_wconf 79' lang='lat' dir='ltr'>Pascha</span> <span class='ocrx_word' id='word_1_199' title='bbox 1172 3727 1306 3799; x_wconf 88' lang='lat' dir='ltr'>domini.</span> 
     </span>
    </p>
   </div>
   <div class='ocr_carea' id='block_1_7' title="bbox 638 3896 844 3978">
    <p class='ocr_par' dir='ltr' id='par_1_7' title="bbox 638 3896 844 3978">
     <span class='ocr_line' id='line_1_32' title="bbox 638 3896 844 3978; baseline 0.015 -23"><span class='ocrx_word' id='word_1_200' title='bbox 638 3896 684 3976; x_wconf 65' lang='lat'>(51.</span> <span class='ocrx_word' id='word_1_201' title='bbox 716 3897 844 3978; x_wconf 78' lang='lat' dir='ltr'>aprilis).</span> 
     </span>
    </p>
   </div>
   <div class='ocr_carea' id='block_1_8' title="bbox 219 4052 1376 4139">
    <p class='ocr_par' dir='ltr' id='par_1_8' title="bbox 219 4052 1376 4139">
     <span class='ocr_line' id='line_1_33' title="bbox 219 4052 1376 4139; baseline -0.004 -20"><span class='ocrx_word' id='word_1_202' title='bbox 219 4057 295 4119; x_wconf 85' lang='lat' dir='ltr'>Item</span> <span class='ocrx_word' id='word_1_203' title='bbox 321 4077 415 4119; x_wconf 89' lang='lat' dir='ltr'>causa</span> <span class='ocrx_word' id='word_1_204' title='bbox 441 4056 590 4139; x_wconf 87' lang='lat' dir='ltr'>Gregorii</span> <span class='ocrx_word' id='word_1_205' title='bbox 621 4057 733 4119; x_wconf 87' lang='lat' dir='ltr'>decani</span> <span class='ocrx_word' id='word_1_206' title='bbox 767 4069 875 4117; x_wconf 88' lang='lat' dir='ltr'>contra</span> <span class='ocrx_word' id='word_1_207' title='bbox 909 4055 1088 4117; x_wconf 89' lang='lat' dir='ltr'>Johannem</span> <span class='ocrx_word' id='word_1_208' title='bbox 1114 4053 1311 4115; x_wconf 89' lang='lat' dir='ltr'>Hermauich</span> <span class='ocrx_word' id='word_1_209' title='bbox 1336 4052 1376 4114; x_wconf 88' lang='lat' dir='ltr'>ad</span> 
     </span>
    </p>
   </div>
   <div class='ocr_carea' id='block_1_9' title="bbox 85 4177 1375 4350">
    <p class='ocr_par' dir='ltr' id='par_1_9' title="bbox 85 4177 1375 4350">
     <span class='ocr_line' id='line_1_34' title="bbox 85 4177 454 4250; baseline -0.011 -19"><span class='ocrx_word' id='word_1_210' title='bbox 85 4183 224 4250; x_wconf 84' lang='lat' dir='ltr'>pacem</span> <span class='ocrx_word' id='word_1_211' title='bbox 249 4177 295 4226; x_wconf 85' lang='lat' dir='ltr'>est</span> <span class='ocrx_word' id='word_1_212' title='bbox 318 4178 454 4246; x_wconf 87' lang='lat' dir='ltr'>recepta.</span> 
     </span>
     <span class='ocr_line' id='line_1_35' title="bbox 218 4265 1375 4350; baseline -0.003 -18"><span class='ocrx_word' id='word_1_213' title='bbox 218 4269 296 4332; x_wconf 88' lang='lat' dir='ltr'>Item</span> <span class='ocrx_word' id='word_1_214' title='bbox 318 4290 449 4332; x_wconf 88' lang='lat' dir='ltr'>consors</span> <span class='ocrx_word' id='word_1_215' title='bbox 474 4269 628 4331; x_wconf 79' lang='lat' dir='ltr'>iohannis</span> <span class='ocrx_word' id='word_1_216' title='bbox 655 4267 731 4329; x_wconf 89' lang='lat' dir='ltr'>dicti</span> <span class='ocrx_word' id='word_1_217' title='bbox 757 4269 898 4350; x_wconf 82' lang='lat' dir='ltr'>Zagorcz</span> <span class='ocrx_word' id='word_1_218' title='bbox 930 4283 1038 4329; x_wconf 90' lang='lat' dir='ltr'>contra</span> <span class='ocrx_word' id='word_1_219' title='bbox 1065 4265 1245 4329; x_wconf 88' lang='lat' dir='ltr'>Johannem</span> <span class='ocrx_word' id='word_1_220' title='bbox 1271 4266 1375 4349; x_wconf 88' lang='lat' dir='ltr'>primo</span> 
     </span>
    </p>
   </div>
   <div class='ocr_carea' id='block_1_10' title="bbox 81 4377 1376 4545">
    <p class='ocr_par' dir='ltr' id='par_1_10' title="bbox 81 4377 1376 4545">
     <span class='ocr_line' id='line_1_36' title="bbox 81 4377 508 4458; baseline -0.014 -15"><span class='ocrx_word' id='word_1_221' title='bbox 81 4381 202 4442; x_wconf 76' lang='lat' dir='ltr'>citata</span> <span class='ocrx_word' id='word_1_222' title='bbox 228 4396 293 4438; x_wconf 90' lang='lat' dir='ltr'>non</span> <span class='ocrx_word' id='word_1_223' title='bbox 318 4377 508 4458; x_wconf 89' lang='lat' dir='ltr'>comparuit.</span> 
     </span>
     <span class='ocr_line' id='line_1_37' title="bbox 215 4477 1376 4545; baseline -0.003 -2"><span class='ocrx_word' id='word_1_224' title='bbox 215 4481 292 4544; x_wconf 87' lang='lat' dir='ltr'>item</span> <span class='ocrx_word' id='word_1_225' title='bbox 323 4483 472 4545; x_wconf 84' lang='lat' dir='ltr'>Vrbanus</span> <span class='ocrx_word' id='word_1_226' title='bbox 503 4494 612 4544; x_wconf 92' lang='lat' dir='ltr'>contra</span> <span class='ocrx_word' id='word_1_227' title='bbox 645 4479 842 4543; x_wconf 88' lang='lat' dir='ltr'>Hermauich</span> <span class='ocrx_word' id='word_1_228' title='bbox 877 4479 1057 4541; x_wconf 89' lang='lat' dir='ltr'>Johannem</span> <span class='ocrx_word' id='word_1_229' title='bbox 1092 4492 1206 4541; x_wconf 90' lang='lat' dir='ltr'>octavo</span> <span class='ocrx_word' id='word_1_230' title='bbox 1243 4477 1294 4539; x_wconf 90' lang='lat' dir='ltr'>die</span> <span class='ocrx_word' id='word_1_231' title='bbox 1327 4497 1376 4539; x_wconf 91' lang='lat' dir='ltr'>re·</span> 
     </span>
    </p>
   </div>
   <div class='ocr_carea' id='block_1_11' title="bbox 87 4588 1374 4774">
    <p class='ocr_par' dir='ltr' id='par_1_11' title="bbox 87 4588 1374 4774">
     <span class='ocr_line' id='line_1_38' title="bbox 87 4588 293 4674; baseline -0.005 -23"><span class='ocrx_word' id='word_1_232' title='bbox 87 4588 293 4674; x_wconf 64' lang='lat' dir='ltr'>spondebit.</span> 
     </span>
     <span class='ocr_line' id='line_1_39' title="bbox 217 4689 1374 4774; baseline -0.004 -19"><span class='ocrx_word' id='word_1_233' title='bbox 217 4693 295 4756; x_wconf 88' lang='lat' dir='ltr'>Item</span> <span class='ocrx_word' id='word_1_234' title='bbox 319 4694 502 4757; x_wconf 86' lang='lat' dir='ltr'>Anthonius</span> <span class='ocrx_word' id='word_1_235' title='bbox 526 4694 647 4774; x_wconf 83' lang='lat' dir='ltr'>juratus</span> <span class='ocrx_word' id='word_1_236' title='bbox 671 4706 779 4755; x_wconf 88' lang='lat' dir='ltr'>contra</span> <span class='ocrx_word' id='word_1_237' title='bbox 805 4693 940 4754; x_wconf 89' lang='lat' dir='ltr'>Paulum</span> <span class='ocrx_word' id='word_1_238' title='bbox 967 4689 1164 4753; x_wconf 76' lang='lat' dir='ltr'>aurifabrum</span> <span class='ocrx_word' id='word_1_239' title='bbox 1190 4690 1295 4772; x_wconf 92' lang='lat' dir='ltr'>primo</span> <span class='ocrx_word' id='word_1_240' title='bbox 1331 4689 1374 4751; x_wconf 93' lang='lat' dir='ltr'>ci·</span> 
     </span>
    </p>
   </div>
   <div class='ocr_carea' id='block_1_12' title="bbox 90 4802 496 4883">
    <p class='ocr_par' dir='ltr' id='par_1_12' title="bbox 90 4802 496 4883">
     <span class='ocr_line' id='line_1_40' title="bbox 90 4802 496 4883; baseline 0 -21"><span class='ocrx_word' id='word_1_241' title='bbox 90 4812 193 4863; x_wconf 88' lang='lat' dir='ltr'>tatus</span> <span class='ocrx_word' id='word_1_242' title='bbox 217 4820 280 4862; x_wconf 90' lang='lat' dir='ltr'>non</span> <span class='ocrx_word' id='word_1_243' title='bbox 306 4802 496 4883; x_wconf 88' lang='lat' dir='ltr'>comparuit.</span> 
     </span>
    </p>
   </div>
   <div class='ocr_carea' id='block_1_13' title="bbox 0 0 1706 5362">
    <p class='ocr_par' dir='ltr' id='par_1_13' title="bbox 0 0 1706 5362">
     <span class='ocr_line' id='line_1_41' title="bbox 0 0 1706 5362; baseline 0 0"><span class='ocrx_word' id='word_1_244' title='bbox 0 0 1706 5362; x_wconf 95' lang='lat' dir='ltr'> </span> 
     </span>
    </p>
   </div>
  </div>
 </body>
</html>
