3404 5362
632 99 719 154 Anno
738 93 831 173 1386.
856 130 895 138 -
919 110 952 169 9.
976 98 1143 157 novembris.
1464 97 1523 175 265

360 306 442 368 Item
467 325 560 368 causa
592 305 717 368 domini
750 307 836 368 Luce
869 320 979 368 contra
1012 307 1170 387 quosdam
1198 320 1261 368 tres
1293 306 1455 368 carnifices
1479 322 1526 369 est

225 426 429 494 prorogata
455 412 508 491 ita,
531 412 619 493 quod
645 432 683 474 ex
707 426 795 493 parte
820 413 964 494 ipsorum
988 412 1148 492 justiciam
1171 411 1336 476 faciemus.

361 537 442 597 Item
459 535 613 597 Nicolaus
637 535 722 597 filius
746 535 893 597 Matheus
926 535 1069 597 secundo
1093 556 1125 596 se
1151 551 1265 598 octavo
1290 536 1343 598 die
1367 556 1462 618 super
1486 556 1525 597 eo

216 641 385 721 jurabit,
411 643 499 723 quod
524 642 591 724 ipse
624 642 785 724 quosdam
817 642 899 703 duos
927 645 1026 704 boves
1058 642 1181 704 domini
1206 644 1292 704 Luce
1324 663 1390 705 non
1414 646 1525 705 verbe·

216 763 364 824 nasset,
391 768 496 829 neque
521 768 577 830 per
602 749 703 830 ipsam
728 750 991 810 verberacionem
1025 750 1123 810 boves
1146 751 1265 811 mortui
1291 749 1435 812 fuissent.

360 854 442 915 Item
475 854 589 936 Jaklyn
624 874 681 936 per
712 855 776 915 Res
808 855 1022 932 Anthonium,
1056 875 1213 937 aucupem
1328 871 1358 916 ct
1389 856 1523 917 alterum

209 960 536 1024 Anthonium...
563 975 672 1022 contra
698 961 877 1022 Johannem
903 960 1002 1021 Pazar
1026 959 1259 1039 (testimonium
1285 960 1464 1043 producet).

362 1083 442 1145 Item
468 1084 630 1146 Johannes
655 1085 753 1146 Pazar
785 1105 841 1167 per
866 1083 1001 1145 Paulum
1034 1083 1171 1163 fabrum,
1197 1086 1365 1146 Marenum
1390 1100 1421 1146 et
1443 1084 1524 1146 Her·

212 1209 388 1251 manum
414 1188 551 1268 fabrum,
577 1191 777 1272 Stephanum
800 1191 994 1272 selliparem,
1013 1236 1019 1251 .
1039 1239 1045 1253 .
1067 1204 1220 1268 sutorem,
1245 1190 1448 1252 Anthonium
1473 1212 1523 1253 su-

207 1310 356 1358 torem
391 1309 422 1357 et
445 1297 698 1358 Anthonium..
723 1311 833 1358 contra
858 1296 973 1379 Jaklyn
998 1311 1111 1357 octavo
1137 1297 1188 1358 die
1213 1296 1455 1379 (respondebit).

362 1402 443 1463 item
469 1452 475 1464 .
502 1452 508 1464 .
533 1403 643 1465 relicta
675 1416 784 1464 contra
810 1403 956 1484 Dragech
988 1403 1027 1463 ad
1052 1402 1206 1483 judicium
1240 1423 1304 1464 non
1331 1404 1523 1486 comparuit.

361 1524 440 1588 Item
459 1526 606 1609 Mychael
632 1527 865 1606 Stachunarigh
883 1541 997 1588 octavo
1022 1527 1073 1587 die
1098 1547 1192 1609 super
1217 1547 1256 1588 eo
1280 1526 1408 1607 jurabit,
1434 1527 1524 1608 quod

211 1633 310 1694 sibi
339 1632 478 1694 Seiezko
503 1633 628 1695 duabus
652 1634 767 1694 marcis
791 1633 917 1695 debitor
941 1633 990 1693 sit.

401 1866 498 1941 Faria
527 1876 627 1940 sexta
654 1873 809 1958 proxima
838 1881 915 1941 ante
951 1870 1074 1941 festum
1103 1871 1212 1942 saneti
1242 1871 1390 1941 Martini.

761 2046 805 2116 (9.
834 2042 1016 2117 novembris).

361 2196 441 2259 Item
474 2197 655 2279 Stephanus
686 2198 816 2280 sellipar
846 2213 955 2260 contra
989 2199 1139 2281 Hapazca
1171 2199 1277 2281 primo
1307 2200 1422 2261 citatus
1457 2220 1522 2261 non

222 2304 445 2384 comparuit.

359 2407 439 2470 Item
463 2429 556 2471 causa
582 2410 697 2493 Jaklyn
730 2423 839 2471 contra
869 2410 1050 2472 Johannem
1076 2411 1175 2471 Pazar
1199 2431 1255 2492 per
1287 2425 1383 2474 testes
1407 2413 1448 2473 ad
1470 2432 1522 2474 oc-

228 2526 363 2575 tavum
390 2515 476 2576 diem
502 2516 541 2576 ad
566 2536 678 2598 pacem
704 2530 751 2578 est
775 2530 910 2598 recepta.

361 2620 438 2682 Item
471 2620 614 2683 lwchech
648 2623 865 2703 carpentarius
896 2636 1005 2683 contra
1039 2622 1146 2683 Mathe
1177 2623 1282 2703 primo
1319 2624 1432 2685 citatus
1456 2644 1521 2685 non

233 2728 445 2809 comparuit.

360 2831 439 2893 Item
471 2852 564 2894 causa
589 2833 751 2894 Valentini
784 2848 893 2895 contra
926 2834 1083 2914 quosdam
1115 2833 1279 2896 carnifices
1303 2835 1344 2896 ad
1371 2850 1521 2898 octavum

238 2937 340 2999 diem
365 2953 412 2998 est
435 2954 617 3020 prorogata.

360 3044 441 3106 Item
465 3044 628 3107 Johannes
652 3045 736 3107 filius
761 3047 844 3108 Petri
871 3065 943 3107 cum
961 3028 1104 3126 Georgio
1131 3065 1232 3126 usque
1251 3059 1324 3107 octo
1350 3036 1425 3108 dies'
1442 3047 1523 3108 inter

242 3169 285 3210 se
309 3150 474 3212 racionem
500 3149 603 3213 facere
628 3152 757 3213 debent.

361 3255 437 3317 Item
456 3255 633 3338 Gregorius
649 3259 765 3339 Angeli
791 3272 905 3319 octavo
928 3258 979 3318 die
997 3278 1092 3340 super
1108 3278 1148 3319 eo
1164 3257 1292 3337 jurabit,
1310 3260 1399 3340 quod
1416 3260 1520 3341 ipsum

247 3360 362 3422 Mathe
387 3361 529 3423 salivena
555 3363 771 3444 vituperasset.

360 3467 439 3528 Item
464 3451 572 3529 Mathe
597 3483 705 3530 contra
732 3471 906 3531 Martinum
930 3472 1072 3531 secundo
1098 3472 1211 3533 citatus
1236 3490 1300 3531 non
1326 3472 1520 3553 comparuit.

359 3573 439 3635 Item
464 3593 557 3635 causa
582 3575 693 3637 Kusko
718 3589 828 3638 contra
846 3576 930 3636 lwan
955 3595 1056 3657 usque
1081 3591 1154 3638 octo
1172 3575 1240 3636 dies
1266 3591 1312 3639 est
1337 3591 1517 3658 prorogata.

359 3679 437 3740 Item
471 3680 616 3741 Thomas
650 3681 789 3742 carnifex
824 3697 933 3743 contra
966 3683 1095 3744 Petrum
1131 3683 1273 3744 secundo
1306 3684 1418 3744 citatus
1455 3704 1519 3745 non

251 3785 445 3866 comparuit.

358 3891 437 3952 item
462 3911 554 3953 causa
581 3894 702 3954 Mareni
729 3908 838 3956 contra
864 3894 1035 3955 Nicolaum
1067 3893 1169 3955 filium
1196 3894 1320 3956 Odolas
1354 3914 1455 3974 usque
1480 3893 1520 3955 ad

251 3997 428 4058 adventum
453 3997 528 4059 dicti
555 4000 678 4062 Mareni
702 4015 748 4061 est
770 4015 952 4081 prorogata.

358 4102 437 4164 Item
473 4103 649 4186 Gregorius
681 4107 821 4167 decanus
853 4122 961 4167 contra
994 4106 1196 4168 Anthonium
1228 4121 1369 4168 sutorem
1406 4120 1520 4168 octavo

256 4208 305 4270 die
330 4209 548 4290 respondebit.

360 4316 438 4377 {tem
473 4316 648 4398 Gregorius
680 4320 820 4380 decanus
852 4339 907 4401 per
940 4320 1080 4397 Petrum,
1112 4319 1216 4381 Viden
1246 4318 1384 4397 fabrum,
1417 4319 1518 4382 Geor·

253 4421 352 4500 gium,
378 4421 534 4505 Gerdnyn
559 4438 589 4486 et
613 4425 749 4486 alterum
774 4426 901 4486 Petrum
932 4440 1046 4487 octavo
1072 4426 1123 4486 die
1148 4428 1306 4504 atestabit‚
1331 4427 1418 4507 quod
1445 4426 1519 4489 Cle-

258 4544 345 4588 mens
367 4529 507 4610 piscator
532 4550 589 4611 pro
613 4531 726 4610 viginti
752 4531 854 4591 statiis
878 4532 953 4593 salis
977 4547 1022 4592 est
1046 4531 1223 4594 fideiussor.
