3404 5362
472 374 671 450 Ann01390.
695 409 740 418 —
762 389 809 435 11.
834 378 944 437 martia

188 584 266 647 Item
300 587 465 669 Mylrlinus
496 587 634 650 condam
667 587 773 668 judex.
837 601 846 747 Ι

188 693 267 755 Item
292 692 398 755 Remi.
840 749 848 813 ι

187 798 266 861 Item
289 799 451 862 Iohannes
479 800 568 864 Bole.
896 801 1018 882 LIngva
1044 802 1313 866 Teutonicorum.

187 906 266 968 Item
291 906 483 968 Peterlinus.

188 1011 265 1073 Item
291 1012 412 1096 Voryh.

188 1225 267 1287 Item
294 1226 382 1288 Luka
409 1227 550 1290 Bonioli.

186 1332 265 1394 Item
291 1332 488 1394 Laurencius
512 1334 649 1396 condam
675 1333 780 1416 judex.

187 1438 264 1500 Item
290 1439 474 1503 Anthonius
497 1441 605 1503 Ilenis.
899 1442 1021 1521 LIngva
1048 1440 1247 1505 LatInorum.

187 1545 266 1607 Item
292 1545 397 1609 Chon.

186 1651 265 1713 Item
290 1653 434 1715 Zakaria.

187 1881 268 1945 Item
293 1903 349 1965 per
370 1884 509 1946 eundern
527 1885 695 1947 dommum
714 1885 894 1946 Iohannem
912 1884 1063 1966 judIcem,
1088 1884 1209 1965 juratos
1233 1897 1263 1946 et
1280 1886 1350 1946 uni-

142 2009 193 2051 sos
217 1990 302 2051 cives
327 2011 366 2052 eo
383 1991 483 2053 modo
508 2005 553 2052 est
570 1991 733 2053 decretum
759 2005 790 2054 et
813 2005 965 2053 statutum
982 1990 1114 2053 firmiter
1134 1991 1347 2069 observando,

142 2096 340 2179 quicumque
365 2118 403 2159 ex
421 2097 606 2160 hominibus
627 2099 784 2160 extraneis
801 2119 896 2180 super
920 2097 1060 2178 aliquem
1078 2097 1180 2159 civem
1206 2116 1347 2179 pugnam

142 2205 250 2286 aperit,
275 2218 307 2266 et
329 2204 355 2265 si
381 2204 466 2265 idem
484 2205 563 2265 civis
583 2218 690 2267 noster
707 2205 756 2267 vel
774 2205 933 2266 habitator
958 2218 1064 2265 nostre
1081 2203 1218 2266 civitatis
1241 2203 1345 2285 ipsum

145 2326 296 2374 natorem
330 2331 426 2393 super
449 2332 482 2373 se
517 2310 730 2390 interfecerit,
763 2326 877 2373 extunc
908 2311 980 2373 talis
1004 2310 1082 2372 civis
1112 2310 1164 2372 vel
1188 2308 1347 2370 habitator

142 2432 190 2480 tre
216 2418 352 2480 civitatis
376 2420 470 2479 rebus
494 2432 524 2481 et
558 2439 693 2500 persona
718 2438 782 2480 non
816 2418 917 2500 possit
940 2416 1092 2500 (privari),
1125 2430 1155 2478 et
1188 2415 1249 2477 hoc
1274 2415 1343 2477 ubi·

142 2543 222 2606 tque
248 2525 279 2585 In
303 2524 466 2586 territorio
490 2525 627 2586 clvitatis
651 2523 777 2587 Iaceret.

214 2760 312 2835 Faria
342 2767 450 2834 tercia
479 2766 634 2853 proxima
663 2771 740 2852 post
768 2762 969 2834 dominicam
998 2762 1232 2835 Reminiscere.

622 2931 661 2990 (t.
686 2917 806 2983 martii).

184 3057 262 3119 Item
293 3058 485 3119 DomInicus
521 3056 672 3118 I'lathnar
703 3069 813 3120 contra
846 3057 965 3138 Biskup
996 3057 1102 3139 primo
1136 3056 1250 3118 citatus
1282 3076 1348 3118 non

142 3165 279 3247 aparuit.

186 3270 264 3331 Item
294 3270 421 3332 Endree
448 3271 504 3333 Sib
529 3285 639 3333 contra
673 3271 852 3335 Johannem
877 3284 991 3332 octavo
1016 3270 1067 3331 die
1100 3284 1194 3331 testes
1225 3269 1350 3352 produ·

142 3397 153 3440 e
180 3376 287 3455 debet,
312 3375 476 3439 videlicet:
504 3377 694 3460 Mosnarych
720 3377 887 3438 Simonem
906 3390 937 3438 et
961 3375 1141 3438 Iohannem
1165 3374 1352 3458 pellificetn.

185 3482 265 3544 Item
290 3483 396 3544 Endre
422 3483 478 3544 Sib
503 3497 612 3545 contra
637 3482 816 3545 Iohannem
846 3482 987 3564 judicem
1010 3483 1116 3565 prImo
1140 3483 1253 3544 citatus
1277 3500 1342 3543 non

142 3589 269 3672 aparuit.

184 3694 264 3756 Item
289 3694 438 3777 Magdich
464 3710 573 3758 contra
598 3697 769 3758 Nicolaum
794 3695 894 3758 Dolas
911 3709 1024 3757 octavo
1050 3694 1101 3756 die
1125 3694 1334 3776 respondebit

159 3913 255 3989 Faria
284 3927 382 3989 sexta
412 3920 566 4008 proxima
594 3926 673 3988 ante
701 3917 901 3988 domiaicam
931 3916 1047 3989 letare
1076 3916 1276 4005 Jerusalem.

607 4084 668 4148 (11.
692 4071 816 4147 martir).

188 4212 267 4275 Item
301 4212 387 4274 Iwan
423 4224 533 4274 contra
571 4212 746 4274 Martinam
780 4211 942 4272 literatum
985 4209 1090 4292 primo
1128 4209 1241 4271 citatus
1281 4228 1347 4270 non

142 4321 277 4404 aparuit.

189 4426 267 4488 Item
293 4427 361 4488 Kus
385 4440 493 4487 contra
520 4426 648 4487 Petrum
673 4423 778 4505 primo
807 4425 920 4486 citatus
952 4443 1016 4485 non
1042 4422 1231 4505 comparuit.

188 4533 267 4595 Item
293 4533 404 4594 Petrus
434 4532 593 4612 gladiator
625 4544 734 4592 contra
767 4529 983 4593 Merchicham
1015 4530 1119 4612 primo
1144 4529 1257 4591 citatus
1282 4548 1350 4590 non

142 4640 275 4723 aparuit.

188 4746 267 4809 Item
292 4747 401 4808 Marco
430 4758 638 4828 campanator
662 4757 770 4807 contra
796 4743 990 4826 Maheynem
1014 4743 1120 4826 palmo
1144 4744 1259 4804 citatus
1283 4761 1348 4803 non

142 4858 296 4934 aparuit.'
