3404 5362
219 357 281 439 308
586 358 671 414 Anno
695 353 788 434 1389.
815 391 854 400 -
880 368 927 435 17.
951 358 1122 432 septnnbn's.

325 569 402 631 Item
430 568 590 630 Konchlin
615 583 726 629 contra
752 569 816 630 Res
838 568 944 650 primo
976 568 1089 629 citatus
1112 588 1177 630 non
1203 570 1394 650 comparuit.

326 676 404 737 Item
431 676 520 736 Luka
545 689 575 736 et
601 675 707 738 Loure
732 673 895 736 carmfices
919 693 1021 756 usque
1045 690 1118 736 octo
1136 675 1204 738 dies
1229 675 1384 758 Gyurgek
1408 679 1480 737 kne-

219 782 299 844 siam
324 782 449 843 solvere
474 780 603 843 dehent.

324 888 403 951 Item
425 888 518 948 Luka
543 886 684 948 carnifex
715 901 824 949 contra
857 887 1015 949 Prandich
1046 887 1238 950 secundario
1270 889 1387 949 citatus
1419 908 1483 949 non

219 995 410 1077 comparuit.

327 1101 405 1162 Item
431 1101 608 1182 Gregorius
625 1099 816 1163 Chudauich
835 1100 866 1161 iu
881 1098 964 1162 facto
983 1100 1244 1182 interempcionis
1263 1100 1345 1162 Petri
1365 1102 1484 1182 Vngari

222 1208 414 1270 secundario
438 1208 654 1289 proclamatus
678 1208 718 1267 ad
743 1219 922 1288 presentem
948 1205 1060 1269 feriam
1093 1221 1224 1285 sextam,
1250 1226 1315 1267 non
1340 1209 1438 1270 venit.

327 1314 405 1375 Item
431 1314 520 1395 quod
545 1314 619 1394 quia
646 1312 806 1393 Georgius
822 1325 911 1375 sutor
934 1313 966 1374 in
984 1312 1122 1395 quadam
1147 1313 1241 1375 vinea
1258 1333 1334 1376 suos
1358 1314 1485 1376 labores

221 1421 379 1503 exposuit,
405 1420 444 1480 de
470 1440 532 1501 qua
551 1420 642 1481 vinea
662 1438 798 1480 unacum
817 1438 916 1480 uxore
934 1419 1102 1480 Laurencii
1121 1419 1237 1481 sutoris
1255 1419 1367 1483 habuit
1384 1420 1484 1497 litem,

219 1527 293 1588 ideo
318 1527 378 1587 isto
396 1546 481 1587 anno
499 1527 609 1587 vinum
634 1545 691 1607 pro
716 1546 748 1586 se
766 1524 882 1586 habere
899 1525 1012 1600 debet;
1026 1540 1155 1607 recepto
1173 1525 1233 1586 sibi
1259 1526 1346 1602 vioe,
1366 1527 1483 1587 dictam

218 1633 346 1693 vitream
370 1652 508 1693 unacum
534 1632 677 1714 predicta
708 1650 807 1694 uxore
838 1632 1008 1693 Laurencii
1034 1631 1065 1692 in
1089 1632 1168 1693 duas
1199 1645 1305 1714 partes
1337 1631 1481 1694 dividere

219 1739 368 1801 debeant.

325 1844 403 1906 Item
428 1845 540 1906 Petrus
563 1845 684 1925 juratus
707 1858 822 1906 octavo
846 1843 898 1905 die
930 1856 1026 1906 testes
1050 1844 1227 1926 producere
1252 1845 1348 1906 debet
1372 1861 1481 1906 contra

220 1951 386 2012 dominam
412 1951 626 2028 Franciscam,
651 1949 817 2012 videlicet:
849 1950 1050 2013 Anthonium
1086 1951 1221 2030 Jursich,
1253 1971 1387 2014 uxorem
1414 1953 1484 2014 Phi-

216 2057 295 2139 Iippi
322 2057 450 2135 medio,
474 2057 675 2119 Anthonium
702 2057 866 2135 Petreuch‚
890 2060 1018 2119 Annam
1044 2057 1225 2121 mulierem.

325 2180 402 2241 Item
427 2180 514 2261 quod
539 2181 615 2261 quIa
640 2180 672 2240 in
696 2192 888 2243 testamento
904 2181 988 2242 Petri
1013 2180 1070 2242 filii
1088 2181 1197 2242 Iureni
1215 2181 1355 2244 condam
1373 2181 1485 2244 decani

220 2288 360 2348 vidimus
376 2287 543 2364 contineri,
560 2300 595 2348 ut
611 2290 677 2368 ipse
695 2286 900 2349 medietatem
921 2287 1087 2349 cuiusdam
1111 2288 1203 2349 vinee
1221 2308 1278 2350 sue
1302 2289 1483 2352 Katharine

217 2392 282 2455 filie
307 2393 380 2455 Ivan
407 2393 586 2474 legavisaet,
611 2392 685 2454 ideo
709 2413 768 2454 nos
789 2393 924 2455 eaodem
951 2393 1078 2455 vineam
1096 2394 1203 2456 eidem
1227 2394 1405 2456 Katharine
1430 2396 1487 2457 ad-

218 2498 432 2580 judicavimus
464 2498 525 2560 hoc
557 2499 729 2577 declarato,
753 2500 841 2581 quod
872 2500 947 2580 quia
976 2499 1200 2581 Georgius..
1227 2502 1353 2563 labores
1376 2516 1409 2565 et
1433 2523 1485 2564 ex-

216 2624 331 2686 pensas
363 2625 458 2686 super
490 2605 607 2666 dictam
640 2605 766 2668 vitream
805 2606 961 2688 exposuit,
994 2605 1068 2667 ideo
1101 2606 1204 2668 dictus
1238 2607 1401 2689 Georgius
1426 2611 1486 2671 isto

215 2730 302 2771 anno
327 2711 437 2771 vinum
464 2711 494 2771 in
520 2709 603 2773 dicta
629 2712 721 2773 vinea
755 2727 955 2794 procreatum
990 2732 1048 2793 pro
1072 2733 1105 2774 se
1129 2713 1268 2795 recipere
1293 2714 1412 2791 debet;
1438 2737 1485 2777 re·

215 2830 309 2897 cepto
334 2829 442 2877 autem
467 2815 553 2877 dIcto
570 2817 646 2878 vino
663 2819 764 2900 ipsam
790 2819 917 2879 vineam
935 2818 1017 2881 inter
1040 2840 1073 2880 se
1098 2819 1129 2880 in
1155 2819 1234 2881 duas
1258 2834 1360 2882 rectas
1376 2837 1484 2904 partes

216 2921 361 2983 dividere
386 2922 513 2984 debent.

233 3155 330 3231 Ferit
358 3167 456 3232 sexta
484 3163 639 3251 proxima
667 3170 743 3251 post
776 3162 898 3234 festum
927 3160 1158 3235 Exaltacionis
1196 3173 1313 3237 sancte
1343 3171 1466 3240 crucis.

711 3320 774 3392 (17.
805 3316 991 3389 septembri).

321 3451 399 3514 Item
422 3452 570 3513 Vrbanus
594 3452 754 3515 aurifaber
784 3468 895 3517 contra
927 3455 1106 3537 Georgium
1129 3457 1234 3539 prImo
1266 3457 1382 3520 citatus
1417 3477 1483 3521 non

217 3558 407 3638 comparuit.

320 3662 398 3725 Item
533 3678 642 3725 contra
667 3665 847 3728 Iohannem
870 3667 976 3749 primo
1007 3669 1120 3730 citatus
1144 3688 1208 3731 non
1235 3672 1430 3752 comparuit.

321 3769 400 3832 Item
426 3784 646 3833 ....contra
671 3771 836 3834 Simonem
862 3775 966 3856 primo
998 3776 1111 3838 citatus
1143 3795 1207 3838 non
1238 3780 1429 3859 comparuit.

317 3877 396 3939 Item
421 3877 605 3939 Anthonius
628 3898 762 3960 arcupar
786 3895 895 3944 contra
921 3882 1025 3943 Jaklin
1044 3883 1148 3965 primo
1173 3883 1287 3945 citatus
1313 3903 1379 3946 non
1394 3905 1483 3948 coru·

216 3984 332 4067 paruit.

320 4089 398 4153 Item
417 4091 578 4153 Iohannes
604 4091 732 4175 Gracyn
757 4108 866 4156 contra
891 4094 1024 4157 Gallum
1042 4096 1147 4178 primo
1164 4095 1279 4158 citatus
1304 4114 1372 4157 non
1396 4116 1484 4159 com·

215 4196 331 4279 paruit.

320 4303 398 4365 Item
423 4303 590 4365 Emericus
614 4319 723 4367 contra
749 4305 879 4388 Mathey
903 4307 1006 4387 primo
1031 4307 1144 4368 citatus
1168 4327 1233 4370 non
1259 4310 1452 4391 comparuit.

321 4409 399 4471 Item
417 4410 577 4491 Georgius
599 4411 695 4473 Loter
712 4432 813 4493 usque
831 4413 1010 4493 quindenas
1029 4413 1167 4475 Iohanni
1186 4413 1313 4496 Gracyn
1331 4414 1481 4476 XXXVII

215 4533 337 4576 marcas
358 4517 482 4578 solvere
507 4516 612 4579 debet.

321 4621 398 4682 Item
425 4622 480 4684 Sib
506 4622 613 4684 Endre
639 4643 738 4705 usque
764 4623 944 4706 quindenas
965 4624 1044 4686 duas
1069 4644 1191 4687 marcac
1216 4625 1342 4689 Simoni
1368 4628 1483 4690 sartori

214 4726 339 4788 solvere
367 4727 473 4791 debet.

320 4833 398 4895 Item
424 4833 600 4916 Gregorius
624 4836 857 4899 Chudauchich
881 4857 976 4920 super
1001 4836 1085 4899 facto
1109 4839 1373 4922 interempcionis
1396 4840 1482 4903 Petri
