3404 5362
1364 360 1425 424 347

264 556 342 616 Item
373 574 467 616 causa
501 553 633 634 Georgii
672 553 843 615 Mikouche
882 569 912 615 et
944 553 1099 615 Iohannis
1130 552 1260 614 sartoris
1291 567 1337 613 est
1368 571 1425 634 per

161 661 296 722 Paulum
329 659 486 743 ChapIIch
519 674 550 721 et
583 661 728 721 Maritum
763 659 883 722 Gemze
916 660 956 720 ad
993 658 1104 721 feriam
1138 659 1269 721 terciam
1301 672 1426 740 recepta

161 767 198 829 ad
224 787 347 851 pacem.

265 873 341 935 Item
368 895 462 935 causa
487 873 620 954 Georgii
645 887 676 934 et
701 873 799 934 Marci
825 886 871 934 est
892 893 948 955 per
971 885 1066 934 testes
1090 873 1130 933 ad
1156 869 1267 932 feriam
1292 870 1423 933 terciam

161 1000 246 1041 nunc
271 981 451 1062 proximam
477 994 601 1061 recepta
627 980 666 1040 ad
692 999 814 1061 pacem.

267 1104 344 1164 Item
369 1125 419 1166 ser
443 1103 560 1186 Gyuan
585 1103 793 1185 solempniter
817 1103 967 1185 deposuit
983 1103 1197 1185 juramentum
1224 1117 1332 1163 contra
1359 1122 1424 1163 ma·

161 1211 296 1290 gistrum
314 1210 484 1272 Nicolaum
504 1210 604 1271 lilium
630 1209 763 1270 Arlandi
780 1229 876 1291 super
893 1229 954 1270 una
972 1209 1081 1287 lorica,
1106 1224 1136 1270 et
1161 1208 1246 1270 idem
1272 1208 1422 1289 magister

163 1317 316 1378 Nicolaus
340 1317 445 1379 eidem
470 1337 519 1378 ser
552 1316 668 1399 Gyuan
694 1316 725 1376 in
758 1317 932 1397 quindenis
964 1316 1049 1377 XVII
1081 1336 1196 1398 pensas
1220 1313 1425 1376 denarIorum

157 1424 326 1487 exsolvere
352 1424 458 1485 debet.

267 1531 344 1592 Item
370 1529 462 1592 Cilus
491 1544 601 1591 contra
634 1530 735 1592 Cursa
768 1528 1061 1590 molendinatorem
1086 1528 1190 1610 prImo
1223 1527 1336 1589 citatus
1361 1546 1425 1587 non

156 1637 350 1719 comparuit.

268 1743 346 1804 Item
371 1762 464 1803 causa
490 1741 615 1803 Crisani
642 1757 672 1802 et
696 1760 827 1802 suorum
860 1741 1022 1801 sociorum
1046 1740 1086 1801 de
1111 1738 1275 1801 Zlanouch
1300 1753 1346 1799 est
1371 1759 1427 1820 per

158 1849 330 1910 Nicolaum
357 1849 494 1910 condam
521 1848 661 1928 judicem
686 1863 716 1910 et
742 1849 861 1908 Lucam
880 1847 1009 1909 Bonioli
1035 1847 1074 1907 ad
1100 1844 1212 1908 feriam
1229 1847 1359 1908 terciam
1379 1867 1425 1907 re·

159 1970 250 2039 cepta
277 1956 315 2016 ad
341 1977 463 2038 pacem.

268 2063 344 2125 Item
369 2083 464 2124 causa
490 2062 606 2144 Gyuan
632 2075 662 2122 et
691 2061 832 2142 magistri
859 2060 1013 2121 Iohannis
1036 2059 1141 2141 Crispi
1167 2073 1213 2121 est
1236 2062 1294 2121 sub
1319 2059 1424 2121 forma

158 2169 281 2231 arbitrii
307 2170 346 2230 ad
372 2168 484 2230 feriam
509 2169 639 2229 terciam
669 2181 850 2250 prorogata.

266 2293 342 2354 Item
368 2292 528 2374 Georgius
545 2293 689 2354 literatus
706 2292 737 2352 in
763 2311 898 2373 persona
917 2293 1023 2353 uxoris
1040 2310 1095 2352 sue
1121 2289 1300 2351 Iohannem
1320 2289 1423 2352 hlium

160 2400 325 2463 Chemerii
350 2420 367 2460 a
393 2399 583 2460 vendicione
613 2418 669 2458 sue
694 2397 810 2459 domus
840 2397 1004 2480 prohibuit
1035 2411 1065 2458 et
1091 2396 1253 2457 interdiait
1278 2397 1358 2458 facie
1383 2396 1423 2459 ad

158 2506 274 2568 faciem
300 2526 406 2567 coram
434 2506 526 2567 nobis
550 2519 721 2588 repertum.
1252 2575 1260 2590 .

269 2614 346 2674 Item
373 2614 482 2673 Petrus
511 2612 610 2673 decan
644 2625 752 2673 contra
785 2612 931 2672 Markum
956 2611 1061 2692 prImo
1094 2610 1207 2671 citatus
1239 2628 1303 2669 non
1336 2627 1426 2670 com·

160 2733 275 2800 paruit.

267 2825 345 2887 Item
370 2824 524 2886 Clemens
549 2838 658 2885 contra
681 2823 857 2904 Georqum
884 2823 989 2905 primo
1006 2823 1119 2885 citatus
1144 2842 1209 2883 non
1234 2823 1424 2904 comparuit.

269 2948 345 3010 Item
364 2947 482 3010 Paulus
506 2947 667 3010 aurifaber
699 2947 776 3010 feria
799 2949 897 3010 tercia
928 2968 984 3030 per
1009 2950 1164 3010 Iacobum
1190 2963 1220 3009 et
1245 2948 1425 3011 Iohannem

161 3056 308 3118 atestabit
332 3075 427 3138 super
452 3074 517 3116 uno
544 3055 686 3138 pellicio.

266 3179 344 3240 Item
374 3179 574 3260 Margaretha
607 3180 724 3241 mulier
754 3192 867 3241 octavo
901 3180 952 3239 die
984 3200 1016 3242 se
1048 3193 1135 3240 sexta
1168 3179 1283 3257 jurabit
1314 3196 1424 3242 contra

163 3286 282 3347 liberos
306 3285 443 3346 condam
468 3285 593 3347 Nicolai
611 3285 762 3347 aurifabri
788 3286 820 3347 in
837 3306 886 3365 eo,
911 3286 999 3366 quod
1018 3287 1085 3366 ipsa
1102 3287 1229 3347 nullum
1254 3299 1422 3368 argentum

162 3393 262 3476 ipsius
285 3392 410 3452 Nicolai
436 3412 501 3453 non
526 3390 687 3469 furaverit,
709 3391 764 3452 sed
790 3393 821 3452 in
844 3392 943 3452 domo
969 3391 1100 3474 Georgii
1125 3392 1309 3471 sacerdotis,
1327 3412 1424 3473 quam

161 3499 220 3560 sibi
247 3511 278 3558 et
301 3497 366 3559 suia
398 3498 504 3580 pueris
536 3499 677 3560 dotasset
709 3513 739 3560 et
772 3498 955 3580 deputasset
988 3499 1072 3560 iuxta
1105 3499 1218 3560 seriem
1246 3514 1426 3561 nostrarum

159 3605 333 3682 literarum,
367 3604 558 3681 invenisset;
590 3619 783 3686 peractoque
816 3606 884 3687 ipso
909 3604 1089 3685 juramento
1122 3625 1193 3666 suas
1226 3605 1342 3667 domos
1365 3606 1425 3667 sibi

159 3711 367 3793 assignabunt
391 3725 421 3771 et
445 3711 510 3771 suis
534 3711 660 3792 pueris;
685 3712 786 3794 ipsam
812 3725 918 3772 autem
937 3731 1065 3772 causam
1091 3711 1183 3773 liberi
1208 3711 1342 3793 predIcti
1368 3711 1424 3773 Ni-

158 3818 240 3879 colai
264 3815 417 3879 aurifabri
443 3817 482 3878 ad
508 3818 659 3899 antiquos
683 3817 804 3898 judices
839 3818 1042 3899 appellarunt
1065 3818 1105 3879 ad
1139 3819 1306 3879 sabbatum
1341 3838 1426 3879 nunc

160 3936 342 3985 instantem.

264 4048 440 4123 (Additum).
465 4049 598 4130 AntIqui
627 4048 748 4128 judices
774 4049 919 4110 similiter
942 4049 1135 4130 judicarunt.

264 4171 342 4234 Item
378 4172 485 4234 relicta
522 4174 709 4235 Peterlronis
744 4173 967 4235 communitati
1003 4194 1056 4234 sex
1089 4193 1210 4235 marcas
1243 4176 1425 4257 persolvere

160 4276 265 4356 debet,
278 4277 393 4339 domos
406 4292 513 4340 autem
529 4278 677 4341 GrIziche
691 4280 749 4340 sibi
765 4278 1020 4358 adjudicavaus
1033 4293 1188 4361 perpetuo
1203 4281 1424 4363 possidendas.

266 4383 343 4445 Item
368 4404 448 4446 uxor
472 4386 582 4447 Jacobi
608 4384 754 4468 pellificis
778 4400 891 4447 octavo
916 4386 968 4448 die
992 4407 1025 4447 se
1050 4387 1146 4448 tercia
1171 4385 1288 4466 jurabit
1312 4389 1344 4450 iu
1373 4407 1423 4465 e0,

161 4489 249 4572 quod
273 4491 340 4572 ipsa
366 4493 505 4553 nescita
538 4512 603 4573 quo
635 4493 777 4574 quodam
810 4507 977 4573 argentum
1011 4491 1150 4553 furatum
1176 4494 1208 4554 in
1236 4493 1306 4556 foro
1339 4514 1425 4556 com·

166 4610 316 4678 parasset.

266 4703 345 4765 Item
378 4702 540 4765 Iohannes
573 4705 669 4765 Liber
701 4717 814 4766 octavo
847 4705 898 4766 dle
930 4704 1047 4785 jurabit
1079 4722 1187 4769 contra
1223 4707 1424 4790 Mychaelem

165 4807 323 4892 Damyani
348 4829 443 4892 super
466 4830 516 4888 e0‚
542 4811 628 4891 quod
656 4811 721 4892 ipse
749 4811 780 4871 in
805 4811 896 4872 nullo
929 4812 1033 4873 eidem
1067 4812 1228 4895 Mychaeli
1253 4827 1424 4877 teneretur.
