3398 5364
588 363 673 419 Anno
697 358 787 438 1387.
812 397 855 405 —
879 360 928 423 18.
947 366 1097 436 januarii.
1419 384 1475 447 ²7¹

213 572 384 634 cuiusdam
409 573 502 634 vinee
535 587 643 635 contra
669 572 848 633 iohannem
881 573 983 635 filium
1009 576 1092 636 Petri
1118 575 1208 657 (hleri
1235 577 1265 638 in
1299 576 1370 639 foro
1403 579 1481 659 legi·

212 679 292 740 time
317 679 462 739 secundo
487 678 701 761 proclamatus
725 679 764 738 ad
798 693 978 760 presentem
1001 679 1112 743 leriam
1137 697 1268 761 sextam,
1293 703 1358 745 non
1383 685 1481 746 venit.

325 786 402 847 Item
428 786 495 847 luri
520 787 661 847 secundo
686 805 718 846 se
742 805 836 866 super
861 805 899 845 eo
924 786 1049 866 jurabit,
1075 788 1163 868 quod
1190 789 1296 869 ipsum
1322 787 1483 870 Georgius

215 892 296 973 vigil
313 893 540 974 percussisset;
557 892 623 973 ipse
641 906 746 953 autem
762 890 922 970 Georgius
939 892 978 952 ad
997 894 1145 974 antiquos
1158 893 1280 974 judices
1296 894 1481 976 appellavit.

323 999 401 1059 ltem
426 997 559 1080 lursych
585 1013 693 1059 contra
720 996 920 1079 Mychaelem
940 998 1044 1078 primo
1062 999 1176 1061 citatus
1200 1019 1265 1060 non
1291 1002 1482 1082 comparuit.

322 1104 399 1167 ltem
433 1104 633 1185 Margaretha
665 1104 805 1165 secunda
830 1123 861 1164 se
894 1103 1010 1183 jurabit
1042 1126 1136 1186 super
1168 1126 1225 1184 e0,
1259 1106 1347 1187 quod
1381 1108 1480 1190 ipsam

215 1210 377 1291 Georgius
402 1211 480 1291 vigil
506 1211 712 1273 vulnerasset.

350 1409 446 1482 lesia
475 1414 582 1483 tercia
611 1415 767 1501 proxima
797 1420 874 1483 ante
903 1412 1026 1483 festum
1055 1413 1143 1484 beati
1174 1412 1345 1485 Anthonii.

728 1577 788 1640 (15.
804 1566 968 1641 januarii).

325 1704 402 1765 ltem
430 1705 583 1766 Herricus
606 1704 736 1786 pellifex
761 1720 870 1766 contra
890 1706 983 1786 Myle
1009 1704 1086 1766 feria
1108 1719 1194 1767 sexta
1220 1706 1435 1787 respondebit.

321 1811 400 1872 ltem
426 1811 604 1872 Hanslinus
636 1827 746 1873 contra
770 1811 973 1874 Anthonium
1006 1810 1085 1872 feria
1109 1825 1193 1873 sexta
1218 1812 1436 1893 respondebit.

322 1916 399 1977 ltem
427 1937 519 1978 causa
546 1918 654 1979 Jacobi
673 1932 781 1979 contra
808 1918 1017 1980 Benedictum
1036 1938 1138 1998 usque
1163 1917 1275 1979 feriam
1300 1932 1420 1980 sextam
1441 1920 1481 1979 ad

214 2043 326 2106 pacem
352 2038 398 2085 est
423 2038 558 2106 recepta.

320 2129 398 2190 ltem
433 2130 541 2191 Bartol
565 2145 675 2191 contra
701 2129 831 2192 Gerdak
856 2129 933 2191 feria
957 2144 1044 2192 sexta
1069 2130 1284 2211 respondebit.

322 2237 401 2297 ltem
419 2224 611 2317 Stephanus,
630 2235 759 2296 Philcch
786 2252 815 2296 et
833 2236 1009 2319 Symonem
1035 2257 1071 2296 ac
1089 2236 1266 2317 Georgium
1291 2250 1387 2299 testes
1404 2235 1481 2298 feria

216 2360 302 2405 sexta
328 2343 505 2421 producere
531 2343 627 2404 debet
650 2343 682 2402 in
707 2341 790 2404 lacto
814 2342 981 2403 cuiusdam
1006 2343 1108 2404 vinee.

320 2449 398 2511 ltem
419 2448 542 2510 Jursich
571 2463 680 2511 contra
699 2448 899 2531 Mychaelem
916 2449 1059 2509 secundo
1076 2449 1188 2510 citatus
1206 2467 1270 2510 non
1289 2449 1479 2531 comparuit.

320 2556 398 2617 ltem
423 2576 517 2617 causa
543 2556 634 2616 Pauli
652 2556 767 2617 literati
793 2572 901 2617 contra
920 2555 1065 2637 Dragech
1091 2557 1130 2617 ad
1156 2554 1268 2615 feriam
1292 2570 1412 2616 sextam
1431 2570 1479 2618 est

215 2676 397 2744 prorogata.

319 2768 397 2830 ltem
422 2768 574 2830 dominus
591 2768 752 2829 Barnabas
777 2768 950 2828 canonicus
967 2781 1082 2828 octavo
1108 2768 1159 2828 die
1184 2767 1341 2849 vigesimo
1366 2768 1480 2849 quinto

213 2894 246 2935 se
271 2875 460 2935 concivibus
484 2893 578 2956 super
603 2894 641 2935 eo
666 2874 793 2953 jurabit,
817 2874 904 2955 quod
937 2873 1003 2954 ipse
1037 2874 1068 2934 in
1094 2872 1321 2935 interleccione
1354 2874 1479 2935 Nicolai

214 2980 378 3064 Glesnyalr
403 2982 558 3043 innocens
582 2981 621 3042 sit
646 2994 677 3042 et
702 2981 864 3042 immunis.

321 3086 398 3148 ltem
425 3087 548 3169 Symon
574 3101 604 3148 et
629 3085 789 3167 Georgius
815 3087 973 3148 Cheztnik
999 3087 1030 3146 in
1056 3086 1207 3146 omnibus
1231 3087 1334 3146 causis
1359 3101 1389 3146 et
1411 3107 1480 3166 spe-

213 3192 335 3254 cialiter
359 3192 391 3252 in
417 3190 501 3253 facto
526 3192 698 3253 domorum
717 3205 826 3253 contra
851 3193 1007 3253 Jacobum
1026 3190 1153 3272 Kupich
1178 3204 1251 3250 sunt
1268 3191 1407 3271 expediti
1428 3191 1480 3268 ita,

213 3299 301 3381 quod
327 3298 413 3358 idem
439 3298 577 3359 lacobus
601 3298 646 3358 nil
671 3317 744 3358 cum
770 3298 845 3377 ipsis
869 3297 982 3358 habeat
1007 3316 1189 3358 commune.

320 3403 398 3466 ltem
424 3404 512 3485 quod
531 3404 605 3485 quia
623 3404 778 3464 Martinus
796 3404 889 3484 Piper
906 3402 1098 3464 multociens
1114 3402 1154 3462 ad
1172 3401 1330 3481 justiciam
1348 3400 1408 3463 luit
1424 3422 1480 3463 vo·

213 3525 300 3574 catus
317 3525 348 3571 et
364 3511 450 3572 idem
468 3509 528 3590 juri
547 3529 656 3590 parere
673 3529 739 3570 non
756 3510 877 3570 curavit
894 3524 924 3572 et
940 3530 972 3570 se
994 3510 1195 3570 contumacie
1213 3529 1303 3570 reum
1319 3510 1480 3571 commisit

213 3617 287 3679 ideo
312 3617 442 3678 obviare
468 3616 513 3677 rei
539 3616 737 3676 evidenciam
763 3616 900 3677 lobanni
926 3615 992 3676 filio
1017 3616 1128 3677 Jacobi
1155 3615 1233 3676 Role
1258 3616 1480 3676 commisimus

213 3721 428 3804 juramentum
454 3742 503 3799 eo,
529 3722 615 3802 quod
641 3723 699 3782 sibi
726 3722 895 3782 consocius
919 3720 978 3784 luit
1002 3721 1040 3781 ad
1072 3721 1280 3782 mercimonia
1306 3741 1344 3782 eo
1370 3722 1479 3800 modo,

215 3828 302 3908 quod
327 3847 423 3909 super
448 3827 597 3909 quitquid
623 3828 689 3908 ipse
715 3827 876 3888 lohannes
900 3826 1026 3906 jurabit,
1059 3847 1153 3908 super
1178 3827 1238 3887 hoc
1264 3828 1480 3908 possessiones

214 3934 290 3995 dicti
317 3933 445 3994 Martini
472 3933 567 3994 statui
585 3933 713 4007 debent,
739 3934 792 3994 ubi
819 3954 882 3994 non
900 3933 1109 3993 convenirent
1133 3933 1359 4014 possessiones,
1385 3953 1480 4012 super

212 4038 271 4100 hoc
288 4038 397 4100 literas
422 4053 527 4099 nostre
552 4039 801 4100 communitatis.
827 4042 898 4113 (sic).

320 4144 399 4207 ltem
430 4145 568 4206 universi
602 4145 720 4225 quibus
751 4145 849 4206 atinet
878 4145 993 4205 domus
1025 4144 1177 4223 Nandrag
1209 4164 1265 4224 pro
1291 4143 1367 4205 feria
1394 4158 1478 4204 sexta

213 4250 279 4329 jura
304 4270 416 4311 eorum
444 4250 620 4332 producere
646 4250 774 4310 debent.

644 4449 739 4522 Feria
769 4458 866 4521 sexta
895 4472 1047 4540 sequens.

723 4600 788 4678 (18.
805 4604 967 4678 januarii).

320 4742 396 4803 ltem
425 4761 517 4802 causa
545 4742 659 4822 lgliclre
686 4756 795 4802 contra
813 4742 992 4802 lohannem
1019 4743 1198 4803 institorem
1224 4743 1262 4801 ad
1289 4740 1398 4802 leriam
1418 4754 1478 4801 ter·

211 4850 295 4911 ciam
320 4863 366 4909 est
390 4863 572 4929 prorogata.
