3404 5362
360 349 420 409 140
776 333 863 388 Anno
887 326 978 407 1378.
1004 363 1043 373 -
1067 343 1096 388 2.
1112 328 1199 405 julr'r'.

461 541 542 603 Item
569 541 718 624 Mychael
743 540 828 602 filius
853 541 944 602 Pauli
962 555 1072 602 contra
1097 539 1266 600 dominum
1292 539 1464 600 lvlicusium
1481 539 1617 600 secundo

354 647 470 710 citatus
494 668 560 709 non
585 649 775 729 comparuit.

462 753 543 814 Item
568 753 654 814 idern
680 753 829 836 lvlychael
854 768 964 815 contra
996 753 1166 814 domiuum
1196 752 1339 812 Priorem
1371 750 1472 812 sancti
1498 750 1617 812 Nicolai

353 859 460 941 primo
494 861 609 922 citatus
634 880 699 922 non
725 861 915 941 comparuit.

463 967 540 1027 Item
560 965 716 1048 Orgouan
734 982 844 1028 contra
858 966 1029 1028 Nicolaum
1047 965 1185 1045 juratum
1202 978 1317 1026 octavo
1334 963 1385 1025 die
1404 964 1617 1046 respondebit.

463 1071 564 1133 Nota!
602 1072 690 1153 quod
727 1072 895 1134 Ladislaus
929 1071 1014 1134 lilius
1050 1073 1178 1133 Martini
1219 1070 1259 1132 de
1291 1071 1467 1132 Moroucha
1508 1083 1615 1132 contra

355 1177 489 1238 Iuanum
515 1178 637 1240 dictum
663 1179 802 1240 Plauech
830 1180 959 1241 racione
991 1178 1066 1239 furti
1090 1197 1184 1239 suum
1211 1191 1244 1239 ut
1276 1176 1387 1238 debuit
1409 1176 1547 1257 prestitit
1570 1174 1615 1255 ju-

354 1298 536 1345 ramentum
562 1283 670 1363 jurans
701 1285 741 1345 ad
766 1300 873 1346 sancta
898 1284 949 1346 dei
974 1283 1151 1364 evangelia
1175 1284 1206 1344 in
1239 1303 1291 1344 ara
1315 1295 1422 1343 sancte
1446 1282 1548 1343 crucis
1573 1280 1616 1340 nil

353 1390 511 1450 contrarie
544 1409 649 1471 neque
682 1389 816 1471 aliquod
851 1389 973 1451 malum
1006 1388 1109 1451 facere
1143 1389 1261 1450 civitati
1293 1408 1351 1450 nec
1382 1387 1615 1449 habitatoribus

352 1495 508 1557 eiusdem.

463 1602 542 1663 Item
569 1602 639 1662 Elia
665 1600 826 1663 aurifaber
857 1616 971 1663 octavo
996 1602 1048 1663 die
1080 1622 1137 1683 per
1161 1601 1360 1683 Stephanum
1384 1598 1557 1683 pellificem
1590 1613 1618 1658 ct

353 1707 489 1768 alterurn
509 1707 708 1789 Stephanum
727 1722 837 1769 contra
855 1708 1039 1770 Korardum
1055 1722 1211 1769 textorem
1229 1707 1386 1785 atestabit,
1411 1706 1502 1788 quod
1515 1707 1617 1788 ipsum

353 1814 593 1894 vituperaverit.

458 1919 536 1980 Item
553 1920 709 2000 Orgouan
723 1935 833 1982 contra
848 1921 1053 1983 Clementem
1066 1920 1209 1984 secundo
1223 1921 1337 1983 citatus
1349 1940 1415 1981 non
1429 1917 1618 2001 comparuit.

458 2024 535 2086 Item
569 2026 681 2087 Petrus
712 2040 801 2088 sutor
833 2041 943 2089 contra
976 2028 1051 2088 Iuan
1088 2041 1230 2089 sutorem
1261 2027 1367 2109 primo
1406 2026 1521 2087 citatus
1555 2043 1617 2085 non

351 2131 544 2211 comparuit.

456 2237 536 2298 Item
560 2257 655 2298 causa
680 2238 835 2299 Iohannis
861 2240 976 2301 Lieber
1000 2254 1031 2301 et
1055 2239 1201 2301 Mauricii
1227 2252 1273 2300 est
1296 2257 1352 2320 per
1376 2236 1518 2316 judIcem
1542 2248 1611 2317 post

350 2342 524 2404 adventum
551 2344 650 2425 ipsius
674 2344 829 2405 Iohannis
854 2346 969 2407 Lieber
992 2346 1032 2407 de
1057 2345 1147 2406 Buda
1173 2360 1343 2426 prorogata
1366 2342 1407 2404 ad
1431 2362 1556 2424 pacem.

458 2449 535 2509 Item
568 2470 661 2511 causa
687 2450 847 2531 Corair)di
872 2452 1003 2512 textoris
1028 2465 1059 2513 et
1090 2451 1181 2512 Pauli
1205 2448 1356 2513 aurifabri
1380 2462 1427 2510 est
1458 2468 1516 2530 per
1540 2447 1611 2510 Cle·

349 2568 491 2614 mentem
517 2556 678 2636 Zyrothlre
703 2557 742 2616 ad
768 2573 840 2616 octo
866 2557 934 2617 dies
958 2573 1084 2640 recepta
1108 2557 1148 2619 ad
1173 2576 1294 2639 pacem.

458 2660 536 2719 Item
564 2660 710 2741 lvlvchael
736 2677 850 2724 octavo
881 2663 932 2724 die
957 2684 1014 2745 per
1045 2664 1259 2742 Anthonium,
1291 2662 1443 2726 Cosmum
1469 2674 1500 2723 et
1526 2660 1617 2722 Ladi-

349 2765 452 2825 sIaum
478 2764 617 2841 juratum
640 2768 798 2847 atestabit,
823 2769 911 2849 quod
937 2771 1042 2852 ipsum
1066 2770 1229 2831 Janslinus
1262 2767 1422 2830 aurifaber
1445 2766 1618 2849 turpilbuls

350 2870 456 2930 verbis
481 2870 646 2933 affecisset.

455 2976 532 3036 Item
559 2977 666 3038 Hanse
692 2994 801 3041 contra
826 2982 1029 3064 Mychaelem
1054 2983 1158 3064 primo
1190 2982 1303 3044 citatus
1327 3000 1392 3042 non
1425 2979 1615 3062 comparuit.

458 3081 535 3141 Item
562 3083 673 3145 Petrus
696 3100 810 3147 octavo
836 3088 888 3149 die
913 3108 969 3170 per
993 3088 1148 3166 Ivvanum,
1178 3088 1389 3149 Benedictum
1413 3100 1444 3148 et
1470 3087 1616 3148 Markum

348 3183 470 3245 dictum
497 3186 619 3248 Gemez
644 3193 802 3270 atestabit,
827 3194 916 3273 quod
942 3195 1047 3275 ipsum
1071 3194 1237 3255 Emericus
1260 3213 1395 3275 arcupar
1418 3193 1618 3254 vulnerasset

348 3304 378 3351 et
403 3292 537 3374 turpiter
562 3298 777 3376 percussisset.

453 3398 530 3460 Item
547 3401 653 3464 Mathe
670 3418 757 3464 sutor
770 3419 880 3466 contra
895 3407 1085 3467 Merclinum
1100 3407 1204 3488 primo
1218 3407 1330 3467 citatus
1343 3426 1408 3468 non
1422 3405 1616 3488 comparuit.

455 3505 532 3566 Item
559 3527 652 3568 causa
677 3510 815 3570 Vardich
836 3525 867 3571 et
892 3512 1046 3573 Iohannis
1063 3526 1108 3573 est
1132 3533 1188 3595 per
1212 3513 1351 3593 judicem
1369 3512 1409 3573 ad
1433 3512 1614 3593 quindenas

348 3627 518 3690 prorogata
544 3613 597 3672 tali
623 3615 733 3692 modo,
759 3617 846 3696 quod
872 3617 895 3676 si
922 3618 1031 3678 medio
1055 3633 1199 3700 ternpore
1230 3618 1426 3680 concordare
1450 3629 1612 3699 poterunt,

349 3716 431 3775 bene
457 3716 600 3795 quidem,
625 3719 769 3800 alioquin
795 3722 904 3782 omnia
929 3722 1005 3800 jura,
1027 3725 1050 3783 si
1076 3744 1139 3804 qua
1164 3725 1311 3785 habuerit
1327 3724 1412 3784 idern
1439 3722 1611 3800 Iohannes,

347 3834 457 3880 contra
483 3823 622 3883 eundem
648 3825 785 3886 Vardich
811 3828 942 3890 debebit
966 3845 1146 3911 presentare
1172 3851 1278 3891 coram
1304 3831 1408 3892 nobis.

454 3928 531 3987 Item
558 3948 651 3989 causa
676 3931 800 3992 Nicolai
826 3936 993 3995 assessoris
1018 3950 1048 3996 et
1074 3936 1228 4018 Stephani
1247 3936 1395 4018 pellificis
1419 3950 1466 3998 est
1491 3956 1548 4019 per
1565 3938 1613 3998 Ja-

346 4032 463 4092 cobum
490 4033 569 4092 Bole
594 4034 634 4093 ad
659 4050 732 4096 octo
758 4037 826 4098 dies
852 4056 977 4122 recepta
1003 4043 1043 4103 ad
1068 4062 1191 4123 pacem.

454 4136 531 4197 Item
559 4139 725 4201 Elizabeth
743 4144 859 4205 mulier
883 4163 991 4209 contra
1014 4149 1142 4210 Petrum
1167 4150 1309 4210 secundo
1326 4150 1419 4210 citata
1444 4169 1510 4211 non
1527 4171 1613 4213 com·

346 4256 460 4321 paruit.

453 4348 530 4409 Item
564 4351 717 4412 Nicolaus
750 4375 888 4417 assessor
920 4373 1034 4420 octavo
1059 4361 1110 4421 die
1143 4383 1200 4444 per
1228 4363 1430 4424 Anthonium
1456 4375 1487 4423 et
1519 4363 1612 4424 Ladi-

346 4451 450 4513 slaum
476 4453 612 4531 juratum
632 4461 788 4538 atestabit‚
815 4463 903 4541 quod
929 4465 1032 4546 ipsum
1051 4467 1203 4550 Gvurgelt
1230 4470 1402 4551 calcaripar
1426 4469 1532 4530 verbis
1548 4484 1610 4532 tur·

346 4557 440 4638 pibus
464 4560 628 4625 affecisset.

451 4665 529 4727 Item
558 4669 707 4730 Miclinus
732 4672 853 4751 iuratus
887 4677 972 4740 Luce
997 4681 1124 4742 Bonioli
1159 4697 1189 4743 et
1215 4684 1346 4745 domine
1379 4685 1554 4747 Katherine
1579 4685 1610 4746 in

345 4771 518 4850 quindenis
543 4790 672 4835 centum
696 4778 805 4841 decem
832 4795 862 4841 et
886 4799 959 4845 octo
984 4786 1052 4849 llor.
1078 4791 1145 4849 auri
1172 4791 1324 4853 exsolvet.
