<?xml version="1.0" encoding="UTF-8"?>
<!DOCTYPE html PUBLIC "-//W3C//DTD XHTML 1.0 Transitional//EN"
    "http://www.w3.org/TR/xhtml1/DTD/xhtml1-transitional.dtd">
<html xmlns="http://www.w3.org/1999/xhtml" xml:lang="en" lang="en">
 <head>
  <title>
</title>
<meta http-equiv="Content-Type" content="text/html;charset=utf-8" />
  <meta name='ocr-system' content='tesseract 3.04.00' />
  <meta name='ocr-capabilities' content='ocr_page ocr_carea ocr_par ocr_line ocrx_word'/>
</head>
<body>
  <div class='ocr_page' id='page_1' title='image "./monumentahistor04laszgoog/monumentahistor04laszgoog_0051.png"; bbox 0 0 3404 5362; ppageno 0'>
   <div class='ocr_carea' id='block_1_1' title="bbox 574 323 1087 400">
    <p class='ocr_par' dir='ltr' id='par_1_1' title="bbox 574 323 1087 400">
     <span class='ocr_line' id='line_1_1' title="bbox 574 323 1087 400; baseline -0.002 -17"><span class='ocrx_word' id='word_1_1' title='bbox 574 326 660 383; x_wconf 82' lang='lat' dir='ltr'><strong>Anno</strong></span> <span class='ocrx_word' id='word_1_2' title='bbox 683 334 770 400; x_wconf 76' lang='lat'><em>1375.</em></span> <span class='ocrx_word' id='word_1_3' title='bbox 793 357 837 367; x_wconf 97' lang='lat'><em>-</em></span> <span class='ocrx_word' id='word_1_4' title='bbox 860 336 910 399; x_wconf 77' lang='lat'><strong>23.</strong></span> <span class='ocrx_word' id='word_1_5' title='bbox 927 323 1087 398; x_wconf 79' lang='lat' dir='ltr'><strong>februan&#39;r’.</strong></span> 
     </span>
    </p>
   </div>
   <div class='ocr_carea' id='block_1_2' title="bbox 284 559 1416 791">
    <p class='ocr_par' dir='ltr' id='par_1_2' title="bbox 284 559 1416 791">
     <span class='ocr_line' id='line_1_2' title="bbox 284 559 1416 652; baseline -0.005 -16"><span class='ocrx_word' id='word_1_6' title='bbox 284 563 382 636; x_wconf 82' lang='lat' dir='ltr'><strong>Feria</strong></span> <span class='ocrx_word' id='word_1_7' title='bbox 409 570 508 636; x_wconf 82' lang='lat' dir='ltr'><strong>sexta</strong></span> <span class='ocrx_word' id='word_1_8' title='bbox 536 564 690 652; x_wconf 83' lang='lat' dir='ltr'><strong>proxima</strong></span> <span class='ocrx_word' id='word_1_9' title='bbox 718 567 797 632; x_wconf 86' lang='lat' dir='ltr'><strong>ante</strong></span> <span class='ocrx_word' id='word_1_10' title='bbox 824 560 947 632; x_wconf 82' lang='lat' dir='ltr'><strong>festum</strong></span> <span class='ocrx_word' id='word_1_11' title='bbox 976 562 1066 632; x_wconf 85' lang='lat' dir='ltr'><strong>beati</strong></span> <span class='ocrx_word' id='word_1_12' title='bbox 1094 559 1229 650; x_wconf 84' lang='lat' dir='ltr'><strong>ldathey</strong></span> <span class='ocrx_word' id='word_1_13' title='bbox 1257 561 1416 650; x_wconf 88' lang='lat' dir='ltr'><strong>apostoli.</strong></span> 
     </span>
     <span class='ocr_line' id='line_1_3' title="bbox 723 711 979 791; baseline 0.008 -19"><span class='ocrx_word' id='word_1_14' title='bbox 723 713 786 791; x_wconf 78' lang='lat'><strong>(23.</strong></span> <span class='ocrx_word' id='word_1_15' title='bbox 802 711 979 789; x_wconf 69' lang='lat' dir='ltr'><strong>febroarii).</strong></span> 
     </span>
    </p>
   </div>
   <div class='ocr_carea' id='block_1_3' title="bbox 212 849 1488 4313">
    <p class='ocr_par' dir='ltr' id='par_1_3' title="bbox 214 849 1477 1043">
     <span class='ocr_line' id='line_1_4' title="bbox 320 849 1477 936; baseline -0.005 -17"><span class='ocrx_word' id='word_1_16' title='bbox 320 858 428 919; x_wconf 88' lang='lat' dir='ltr'><strong>Primo</strong></span> <span class='ocrx_word' id='word_1_17' title='bbox 461 875 554 918; x_wconf 89' lang='lat' dir='ltr'><strong>causa</strong></span> <span class='ocrx_word' id='word_1_18' title='bbox 586 854 701 916; x_wconf 91' lang='lat' dir='ltr'><strong>Niclau</strong></span> <span class='ocrx_word' id='word_1_19' title='bbox 731 867 762 914; x_wconf 92' lang='lat' dir='ltr'><strong>et</strong></span> <span class='ocrx_word' id='word_1_20' title='bbox 792 852 868 914; x_wconf 92' lang='lat' dir='ltr'><strong>luan</strong></span> <span class='ocrx_word' id='word_1_21' title='bbox 893 872 955 936; x_wconf 89' lang='lat' dir='ltr'><strong>per</strong></span> <span class='ocrx_word' id='word_1_22' title='bbox 986 851 1158 914; x_wconf 82' lang='lat' dir='ltr'>Nicolaum</span> <span class='ocrx_word' id='word_1_23' title='bbox 1191 852 1259 914; x_wconf 83' lang='lat' dir='ltr'><strong>Ban</strong></span> <span class='ocrx_word' id='word_1_24' title='bbox 1291 865 1323 913; x_wconf 92' lang='lat' dir='ltr'><strong>et</strong></span> <span class='ocrx_word' id='word_1_25' title='bbox 1346 849 1477 914; x_wconf 91' lang='lat' dir='ltr'><strong>alterum</strong></span> 
     </span>
     <span class='ocr_line' id='line_1_5' title="bbox 214 958 1185 1043; baseline -0.002 -18"><span class='ocrx_word' id='word_1_26' title='bbox 214 964 384 1026; x_wconf 87' lang='lat' dir='ltr'><strong>Nicolaum</strong></span> <span class='ocrx_word' id='word_1_27' title='bbox 410 962 498 1043; x_wconf 91' lang='lat' dir='ltr'><strong>Ceep</strong></span> <span class='ocrx_word' id='word_1_28' title='bbox 522 975 568 1024; x_wconf 91' lang='lat' dir='ltr'><strong>est</strong></span> <span class='ocrx_word' id='word_1_29' title='bbox 591 959 631 1021; x_wconf 93' lang='lat' dir='ltr'><strong>ad</strong></span> <span class='ocrx_word' id='word_1_30' title='bbox 656 972 730 1021; x_wconf 92' lang='lat' dir='ltr'><strong>octo</strong></span> <span class='ocrx_word' id='word_1_31' title='bbox 754 958 823 1021; x_wconf 87' lang='lat' dir='ltr'><strong>dies</strong></span> <span class='ocrx_word' id='word_1_32' title='bbox 846 973 973 1041; x_wconf 89' lang='lat' dir='ltr'><strong>recepta</strong></span> <span class='ocrx_word' id='word_1_33' title='bbox 998 958 1038 1020; x_wconf 87' lang='lat' dir='ltr'><strong>ad</strong></span> <span class='ocrx_word' id='word_1_34' title='bbox 1062 978 1185 1041; x_wconf 83' lang='lat' dir='ltr'><strong>pacem.</strong></span> 
     </span>
    </p>

    <p class='ocr_par' dir='ltr' id='par_1_4' title="bbox 214 1064 1479 1364">
     <span class='ocr_line' id='line_1_6' title="bbox 319 1064 1479 1147; baseline -0.003 -17"><span class='ocrx_word' id='word_1_35' title='bbox 319 1070 396 1130; x_wconf 87' lang='lat' dir='ltr'>Item</span> <span class='ocrx_word' id='word_1_36' title='bbox 421 1068 576 1130; x_wconf 83' lang='lat' dir='ltr'>Salomon</span> <span class='ocrx_word' id='word_1_37' title='bbox 600 1079 714 1127; x_wconf 83' lang='lat' dir='ltr'><strong>octavo</strong></span> <span class='ocrx_word' id='word_1_38' title='bbox 748 1064 800 1126; x_wconf 93' lang='lat' dir='ltr'><strong>die</strong></span> <span class='ocrx_word' id='word_1_39' title='bbox 825 1065 972 1127; x_wconf 88' lang='lat' dir='ltr'><strong>ostendet</strong></span> <span class='ocrx_word' id='word_1_40' title='bbox 1003 1084 1058 1147; x_wconf 92' lang='lat' dir='ltr'><strong>per</strong></span> <span class='ocrx_word' id='word_1_41' title='bbox 1082 1066 1161 1128; x_wconf 89' lang='lat' dir='ltr'><strong>Wllr</strong></span> <span class='ocrx_word' id='word_1_42' title='bbox 1185 1064 1479 1127; x_wconf 84' lang='lat' dir='ltr'><strong>molendinatorem</strong></span> 
     </span>
     <span class='ocr_line' id='line_1_7' title="bbox 215 1170 1477 1255; baseline -0.006 -16"><span class='ocrx_word' id='word_1_43' title='bbox 215 1189 246 1239; x_wconf 90' lang='lat' dir='ltr'><strong>et</strong></span> <span class='ocrx_word' id='word_1_44' title='bbox 270 1177 404 1252; x_wconf 81' lang='lat' dir='ltr'><strong>Marsas,</strong></span> <span class='ocrx_word' id='word_1_45' title='bbox 429 1173 516 1255; x_wconf 93' lang='lat' dir='ltr'><strong>quod</strong></span> <span class='ocrx_word' id='word_1_46' title='bbox 541 1172 646 1254; x_wconf 88' lang='lat' dir='ltr'><strong>ipsum</strong></span> <span class='ocrx_word' id='word_1_47' title='bbox 681 1170 757 1234; x_wconf 93' lang='lat' dir='ltr'><strong>Sida</strong></span> <span class='ocrx_word' id='word_1_48' title='bbox 781 1172 850 1233; x_wconf 83' lang='lat' dir='ltr'><strong>vice</strong></span> <span class='ocrx_word' id='word_1_49' title='bbox 875 1192 931 1234; x_wconf 91' lang='lat' dir='ltr'><strong>sua</strong></span> <span class='ocrx_word' id='word_1_50' title='bbox 947 1171 1122 1235; x_wconf 79' lang='lat' dir='ltr'><strong>dimisisset</strong></span> <span class='ocrx_word' id='word_1_51' title='bbox 1137 1170 1318 1255; x_wconf 79' lang='lat' dir='ltr'><strong>specialiter</strong></span> <span class='ocrx_word' id='word_1_52' title='bbox 1341 1171 1376 1233; x_wconf 93' lang='lat' dir='ltr'><strong>in</strong></span> <span class='ocrx_word' id='word_1_53' title='bbox 1394 1189 1477 1232; x_wconf 92' lang='lat' dir='ltr'><strong>com·</strong></span> 
     </span>
     <span class='ocr_line' id='line_1_8' title="bbox 214 1279 739 1364; baseline -0.004 -21"><span class='ocrx_word' id='word_1_54' title='bbox 214 1281 357 1343; x_wconf 87' lang='lat' dir='ltr'><strong>missaria</strong></span> <span class='ocrx_word' id='word_1_55' title='bbox 382 1280 475 1364; x_wconf 89' lang='lat' dir='ltr'><strong>Vydlr</strong></span> <span class='ocrx_word' id='word_1_56' title='bbox 499 1279 557 1342; x_wconf 91' lang='lat' dir='ltr'><strong>filii</strong></span> <span class='ocrx_word' id='word_1_57' title='bbox 581 1279 739 1362; x_wconf 88' lang='lat' dir='ltr'><strong>Vydonis.</strong></span> 
     </span>
    </p>

    <p class='ocr_par' dir='ltr' id='par_1_5' title="bbox 212 1383 1484 1784">
     <span class='ocr_line' id='line_1_9' title="bbox 320 1383 1481 1465; baseline 0 -19"><span class='ocrx_word' id='word_1_58' title='bbox 320 1386 396 1448; x_wconf 89' lang='lat' dir='ltr'><strong>ltem</strong></span> <span class='ocrx_word' id='word_1_59' title='bbox 423 1386 578 1448; x_wconf 88' lang='lat' dir='ltr'><strong>Salomon</strong></span> <span class='ocrx_word' id='word_1_60' title='bbox 603 1398 717 1446; x_wconf 88' lang='lat' dir='ltr'><strong>octavo</strong></span> <span class='ocrx_word' id='word_1_61' title='bbox 742 1383 794 1444; x_wconf 91' lang='lat' dir='ltr'><strong>die</strong></span> <span class='ocrx_word' id='word_1_62' title='bbox 812 1404 869 1465; x_wconf 89' lang='lat' dir='ltr'><strong>per</strong></span> <span class='ocrx_word' id='word_1_63' title='bbox 886 1386 1065 1447; x_wconf 89' lang='lat' dir='ltr'><strong>Barnabam</strong></span> <span class='ocrx_word' id='word_1_64' title='bbox 1090 1383 1301 1462; x_wconf 86' lang='lat' dir='ltr'><strong>sacerdotem,</strong></span> <span class='ocrx_word' id='word_1_65' title='bbox 1316 1383 1397 1446; x_wconf 88' lang='lat' dir='ltr'><strong>Wllr</strong></span> <span class='ocrx_word' id='word_1_66' title='bbox 1413 1403 1481 1446; x_wconf 89' lang='lat' dir='ltr'><strong>mo·</strong></span> 
     </span>
     <span class='ocr_line' id='line_1_10' title="bbox 212 1488 1482 1571; baseline -0.003 -16"><span class='ocrx_word' id='word_1_67' title='bbox 212 1492 459 1570; x_wconf 89' lang='lat' dir='ltr'><strong>lendinatorem,</strong></span> <span class='ocrx_word' id='word_1_68' title='bbox 477 1492 611 1553; x_wconf 92' lang='lat' dir='ltr'><strong>luanum</strong></span> <span class='ocrx_word' id='word_1_69' title='bbox 642 1490 792 1568; x_wconf 88' lang='lat' dir='ltr'><strong>Plauech,</strong></span> <span class='ocrx_word' id='word_1_70' title='bbox 826 1488 995 1552; x_wconf 90' lang='lat' dir='ltr'><strong>Nicolaum</strong></span> <span class='ocrx_word' id='word_1_71' title='bbox 1027 1489 1251 1571; x_wconf 84' lang='lat' dir='ltr'><strong>joculatorem,</strong></span> <span class='ocrx_word' id='word_1_72' title='bbox 1274 1489 1482 1552; x_wconf 89' lang='lat' dir='ltr'><strong>Clementem</strong></span> 
     </span>
     <span class='ocr_line' id='line_1_11' title="bbox 213 1595 1484 1679; baseline -0.003 -17"><span class='ocrx_word' id='word_1_73' title='bbox 213 1599 316 1662; x_wconf 90' lang='lat' dir='ltr'><strong>filium</strong></span> <span class='ocrx_word' id='word_1_74' title='bbox 340 1599 450 1660; x_wconf 85' lang='lat' dir='ltr'><strong>Jacobi</strong></span> <span class='ocrx_word' id='word_1_75' title='bbox 475 1618 570 1679; x_wconf 89' lang='lat' dir='ltr'><strong>super</strong></span> <span class='ocrx_word' id='word_1_76' title='bbox 602 1617 653 1675; x_wconf 90' lang='lat' dir='ltr'><strong>eo,</strong></span> <span class='ocrx_word' id='word_1_77' title='bbox 683 1595 770 1678; x_wconf 93' lang='lat' dir='ltr'><strong>quod</strong></span> <span class='ocrx_word' id='word_1_78' title='bbox 795 1597 855 1658; x_wconf 90' lang='lat' dir='ltr'><strong>sibi</strong></span> <span class='ocrx_word' id='word_1_79' title='bbox 881 1595 947 1659; x_wconf 89' lang='lat' dir='ltr'><strong>filia</strong></span> <span class='ocrx_word' id='word_1_80' title='bbox 983 1597 1059 1658; x_wconf 92' lang='lat' dir='ltr'><strong>luan</strong></span> <span class='ocrx_word' id='word_1_81' title='bbox 1084 1595 1142 1658; x_wconf 91' lang='lat' dir='ltr'><strong>filii</strong></span> <span class='ocrx_word' id='word_1_82' title='bbox 1167 1595 1388 1660; x_wconf 81' lang='lat' dir='ltr'><strong>Obrsmlronis</strong></span> <span class='ocrx_word' id='word_1_83' title='bbox 1410 1616 1484 1658; x_wconf 88' lang='lat' dir='ltr'><strong>suas</strong></span> 
     </span>
     <span class='ocr_line' id='line_1_12' title="bbox 213 1703 746 1784; baseline -0.004 -17"><span class='ocrx_word' id='word_1_84' title='bbox 213 1705 327 1767; x_wconf 88' lang='lat' dir='ltr'><strong>domos</strong></span> <span class='ocrx_word' id='word_1_85' title='bbox 351 1704 523 1765; x_wconf 83' lang='lat' dir='ltr'><strong>dimisisset</strong></span> <span class='ocrx_word' id='word_1_86' title='bbox 547 1717 578 1765; x_wconf 91' lang='lat' dir='ltr'><strong>et</strong></span> <span class='ocrx_word' id='word_1_87' title='bbox 600 1703 746 1784; x_wconf 86' lang='lat' dir='ltr'><strong>legasset.</strong></span> 
     </span>
    </p>

    <p class='ocr_par' dir='ltr' id='par_1_6' title="bbox 213 1806 1484 2104">
     <span class='ocr_line' id='line_1_13' title="bbox 319 1806 1482 1892; baseline 0 -21"><span class='ocrx_word' id='word_1_88' title='bbox 319 1811 397 1873; x_wconf 92' lang='lat' dir='ltr'><strong>ltem</strong></span> <span class='ocrx_word' id='word_1_89' title='bbox 422 1814 515 1871; x_wconf 87' lang='lat' dir='ltr'><strong>Anna</strong></span> <span class='ocrx_word' id='word_1_90' title='bbox 532 1809 677 1871; x_wconf 88' lang='lat' dir='ltr'><strong>atestavit</strong></span> <span class='ocrx_word' id='word_1_91' title='bbox 694 1828 749 1890; x_wconf 92' lang='lat' dir='ltr'><strong>per</strong></span> <span class='ocrx_word' id='word_1_92' title='bbox 766 1806 963 1887; x_wconf 89' lang='lat' dir='ltr'><strong>Chernlram,</strong></span> <span class='ocrx_word' id='word_1_93' title='bbox 980 1812 1120 1889; x_wconf 77' lang='lat' dir='ltr'><strong>Annam,</strong></span> <span class='ocrx_word' id='word_1_94' title='bbox 1138 1809 1375 1888; x_wconf 75' lang='lat' dir='ltr'><strong>Sebastianum,</strong></span> <span class='ocrx_word' id='word_1_95' title='bbox 1391 1809 1482 1892; x_wconf 92' lang='lat' dir='ltr'><strong>quod</strong></span> 
     </span>
     <span class='ocr_line' id='line_1_14' title="bbox 213 1913 1484 1999; baseline -0.001 -20"><span class='ocrx_word' id='word_1_96' title='bbox 213 1917 274 1979; x_wconf 92' lang='lat' dir='ltr'><strong>sibi</strong></span> <span class='ocrx_word' id='word_1_97' title='bbox 298 1917 450 1978; x_wconf 90' lang='lat' dir='ltr'><strong>Nicolaus</strong></span> <span class='ocrx_word' id='word_1_98' title='bbox 474 1915 559 1976; x_wconf 90' lang='lat' dir='ltr'><strong>filius</strong></span> <span class='ocrx_word' id='word_1_99' title='bbox 581 1913 746 1976; x_wconf 88' lang='lat' dir='ltr'><strong>Benedicti</strong></span> <span class='ocrx_word' id='word_1_100' title='bbox 765 1914 847 1975; x_wconf 91' lang='lat' dir='ltr'><strong>duos</strong></span> <span class='ocrx_word' id='word_1_101' title='bbox 871 1913 1011 1976; x_wconf 90' lang='lat' dir='ltr'><strong>florenos</strong></span> <span class='ocrx_word' id='word_1_102' title='bbox 1027 1915 1207 1996; x_wconf 85' lang='lat' dir='ltr'><strong>legavisset,</strong></span> <span class='ocrx_word' id='word_1_103' title='bbox 1225 1915 1313 1998; x_wconf 88' lang='lat' dir='ltr'><strong>ipsos</strong></span> <span class='ocrx_word' id='word_1_104' title='bbox 1335 1915 1369 1978; x_wconf 90' lang='lat' dir='ltr'><strong>in</strong></span> <span class='ocrx_word' id='word_1_105' title='bbox 1386 1916 1484 1999; x_wconf 90' lang='lat' dir='ltr'><strong>quin·</strong></span> 
     </span>
     <span class='ocr_line' id='line_1_15' title="bbox 213 2020 1118 2104; baseline 0 -21"><span class='ocrx_word' id='word_1_106' title='bbox 213 2022 304 2085; x_wconf 91' lang='lat' dir='ltr'><strong>denis</strong></span> <span class='ocrx_word' id='word_1_107' title='bbox 328 2021 559 2104; x_wconf 83' lang='lat' dir='ltr'><strong>persolvendos</strong></span> <span class='ocrx_word' id='word_1_108' title='bbox 582 2040 744 2102; x_wconf 88' lang='lat' dir='ltr'><strong>possessor</strong></span> <span class='ocrx_word' id='word_1_109' title='bbox 768 2020 911 2103; x_wconf 88' lang='lat' dir='ltr'><strong>ipsarum</strong></span> <span class='ocrx_word' id='word_1_110' title='bbox 937 2020 1118 2084; x_wconf 89' lang='lat' dir='ltr'><strong>domorum.</strong></span> 
     </span>
    </p>

    <p class='ocr_par' dir='ltr' id='par_1_7' title="bbox 214 2126 1486 2318">
     <span class='ocr_line' id='line_1_16' title="bbox 319 2126 1486 2209; baseline 0.001 -20"><span class='ocrx_word' id='word_1_111' title='bbox 319 2128 398 2190; x_wconf 89' lang='lat' dir='ltr'><strong>ltem</strong></span> <span class='ocrx_word' id='word_1_112' title='bbox 422 2148 515 2190; x_wconf 90' lang='lat' dir='ltr'><strong>causa</strong></span> <span class='ocrx_word' id='word_1_113' title='bbox 535 2127 664 2188; x_wconf 90' lang='lat' dir='ltr'><strong>Martini</strong></span> <span class='ocrx_word' id='word_1_114' title='bbox 689 2140 720 2188; x_wconf 90' lang='lat' dir='ltr'><strong>et</strong></span> <span class='ocrx_word' id='word_1_115' title='bbox 742 2126 897 2209; x_wconf 89' lang='lat' dir='ltr'><strong>alteri(us)</strong></span> <span class='ocrx_word' id='word_1_116' title='bbox 922 2127 1051 2189; x_wconf 91' lang='lat' dir='ltr'><strong>Martini</strong></span> <span class='ocrx_word' id='word_1_117' title='bbox 1072 2140 1119 2188; x_wconf 90' lang='lat' dir='ltr'><strong>est</strong></span> <span class='ocrx_word' id='word_1_118' title='bbox 1141 2146 1198 2208; x_wconf 91' lang='lat' dir='ltr'><strong>per</strong></span> <span class='ocrx_word' id='word_1_119' title='bbox 1214 2127 1361 2208; x_wconf 91' lang='lat' dir='ltr'><strong>luanum,</strong></span> <span class='ocrx_word' id='word_1_120' title='bbox 1378 2126 1486 2208; x_wconf 82' lang='lat' dir='ltr'><strong>Jotan,</strong></span> 
     </span>
     <span class='ocr_line' id='line_1_17' title="bbox 214 2232 1182 2318; baseline 0.001 -23"><span class='ocrx_word' id='word_1_121' title='bbox 214 2235 329 2318; x_wconf 90' lang='lat' dir='ltr'><strong>Mylrus</strong></span> <span class='ocrx_word' id='word_1_122' title='bbox 354 2248 384 2295; x_wconf 91' lang='lat' dir='ltr'><strong>et</strong></span> <span class='ocrx_word' id='word_1_123' title='bbox 408 2233 565 2295; x_wconf 91' lang='lat' dir='ltr'><strong>Wrouich</strong></span> <span class='ocrx_word' id='word_1_124' title='bbox 590 2232 629 2293; x_wconf 90' lang='lat' dir='ltr'><strong>ad</strong></span> <span class='ocrx_word' id='word_1_125' title='bbox 654 2246 728 2294; x_wconf 92' lang='lat' dir='ltr'><strong>octo</strong></span> <span class='ocrx_word' id='word_1_126' title='bbox 752 2233 820 2293; x_wconf 89' lang='lat' dir='ltr'><strong>dies</strong></span> <span class='ocrx_word' id='word_1_127' title='bbox 844 2248 971 2316; x_wconf 89' lang='lat' dir='ltr'><strong>recepta</strong></span> <span class='ocrx_word' id='word_1_128' title='bbox 995 2233 1035 2295; x_wconf 94' lang='lat' dir='ltr'><strong>ad</strong></span> <span class='ocrx_word' id='word_1_129' title='bbox 1059 2252 1182 2315; x_wconf 93' lang='lat' dir='ltr'><strong>pacem.</strong></span> 
     </span>
    </p>

    <p class='ocr_par' dir='ltr' id='par_1_8' title="bbox 318 2338 1485 2423">
     <span class='ocr_line' id='line_1_18' title="bbox 318 2338 1485 2423; baseline 0.003 -23"><span class='ocrx_word' id='word_1_130' title='bbox 318 2340 395 2402; x_wconf 91' lang='lat' dir='ltr'><strong>ltem</strong></span> <span class='ocrx_word' id='word_1_131' title='bbox 421 2338 580 2421; x_wconf 83' lang='lat' dir='ltr'><strong>Georgius</strong></span> <span class='ocrx_word' id='word_1_132' title='bbox 605 2339 689 2400; x_wconf 91' lang='lat' dir='ltr'><strong>ribar</strong></span> <span class='ocrx_word' id='word_1_133' title='bbox 714 2353 823 2402; x_wconf 89' lang='lat' dir='ltr'><strong>contra</strong></span> <span class='ocrx_word' id='word_1_134' title='bbox 853 2339 1010 2400; x_wconf 88' lang='lat' dir='ltr'><strong>Jacobum</strong></span> <span class='ocrx_word' id='word_1_135' title='bbox 1035 2352 1149 2402; x_wconf 82' lang='lat' dir='ltr'><strong>octavo</strong></span> <span class='ocrx_word' id='word_1_136' title='bbox 1186 2339 1238 2401; x_wconf 93' lang='lat' dir='ltr'><strong>die</strong></span> <span class='ocrx_word' id='word_1_137' title='bbox 1262 2339 1485 2423; x_wconf 89' lang='lat' dir='ltr'><strong>respondebit.</strong></span> 
     </span>
    </p>

    <p class='ocr_par' dir='ltr' id='par_1_9' title="bbox 215 2444 1486 2751">
     <span class='ocr_line' id='line_1_19' title="bbox 317 2444 1484 2527; baseline 0.003 -21"><span class='ocrx_word' id='word_1_138' title='bbox 317 2445 395 2507; x_wconf 90' lang='lat' dir='ltr'><strong>ltem</strong></span> <span class='ocrx_word' id='word_1_139' title='bbox 419 2446 636 2527; x_wconf 85' lang='lat' dir='ltr'><strong>possessiones</strong></span> <span class='ocrx_word' id='word_1_140' title='bbox 659 2444 783 2507; x_wconf 89' lang='lat' dir='ltr'><strong>Nicolai</strong></span> <span class='ocrx_word' id='word_1_141' title='bbox 813 2445 871 2507; x_wconf 84' lang='lat' dir='ltr'><strong>filii</strong></span> <span class='ocrx_word' id='word_1_142' title='bbox 903 2446 980 2507; x_wconf 85' lang='lat' dir='ltr'><strong>lurlr</strong></span> <span class='ocrx_word' id='word_1_143' title='bbox 1004 2445 1087 2507; x_wconf 89' lang='lat' dir='ltr'><strong>inter</strong></span> <span class='ocrx_word' id='word_1_144' title='bbox 1117 2445 1321 2509; x_wconf 80' lang='lat' dir='ltr'><strong>Anthonium</strong></span> <span class='ocrx_word' id='word_1_145' title='bbox 1344 2460 1377 2509; x_wconf 95' lang='lat' dir='ltr'><strong>et</strong></span> <span class='ocrx_word' id='word_1_146' title='bbox 1400 2446 1484 2510; x_wconf 90' lang='lat' dir='ltr'><strong>Dra·</strong></span> 
     </span>
     <span class='ocr_line' id='line_1_20' title="bbox 215 2550 1486 2635; baseline 0.002 -23"><span class='ocrx_word' id='word_1_147' title='bbox 215 2571 331 2633; x_wconf 91' lang='lat' dir='ltr'><strong>gauam</strong></span> <span class='ocrx_word' id='word_1_148' title='bbox 356 2565 470 2613; x_wconf 90' lang='lat' dir='ltr'><strong>octavo</strong></span> <span class='ocrx_word' id='word_1_149' title='bbox 494 2552 546 2612; x_wconf 89' lang='lat' dir='ltr'><strong>die</strong></span> <span class='ocrx_word' id='word_1_150' title='bbox 577 2551 762 2612; x_wconf 87' lang='lat' dir='ltr'><strong>dividentur</strong></span> <span class='ocrx_word' id='word_1_151' title='bbox 782 2550 949 2632; x_wconf 85' lang='lat' dir='ltr'><strong>equaliter,</strong></span> <span class='ocrx_word' id='word_1_152' title='bbox 980 2550 1089 2613; x_wconf 88' lang='lat' dir='ltr'><strong>debita</strong></span> <span class='ocrx_word' id='word_1_153' title='bbox 1120 2564 1239 2632; x_wconf 92' lang='lat' dir='ltr'><strong>autem,</strong></span> <span class='ocrx_word' id='word_1_154' title='bbox 1266 2553 1292 2614; x_wconf 91' lang='lat' dir='ltr'><strong>si</strong></span> <span class='ocrx_word' id='word_1_155' title='bbox 1317 2572 1381 2635; x_wconf 93' lang='lat' dir='ltr'><strong>qua</strong></span> <span class='ocrx_word' id='word_1_156' title='bbox 1405 2553 1486 2617; x_wconf 92' lang='lat' dir='ltr'><strong>dicti</strong></span> 
     </span>
     <span class='ocr_line' id='line_1_21' title="bbox 215 2656 1087 2751; baseline 0.002 -33"><span class='ocrx_word' id='word_1_157' title='bbox 215 2656 340 2718; x_wconf 91' lang='lat' dir='ltr'><strong>Nicolai</strong></span> <span class='ocrx_word' id='word_1_158' title='bbox 365 2670 467 2734; x_wconf 91' lang='lat' dir='ltr'><strong>crunt,</strong></span> <span class='ocrx_word' id='word_1_159' title='bbox 491 2658 583 2717; x_wconf 90' lang='lat' dir='ltr'><strong>ambe</strong></span> <span class='ocrx_word' id='word_1_160' title='bbox 608 2671 712 2751; x_wconf 69' lang='lat' dir='ltr'><strong>partep</strong></span> <span class='ocrx_word' id='word_1_161' title='bbox 733 2658 858 2719; x_wconf 90' lang='lat' dir='ltr'><strong>solvere</strong></span> <span class='ocrx_word' id='word_1_162' title='bbox 883 2660 1087 2722; x_wconf 89' lang='lat' dir='ltr'><strong>tenebuntur.</strong></span> 
     </span>
    </p>

    <p class='ocr_par' dir='ltr' id='par_1_10' title="bbox 213 2761 1488 3058">
     <span class='ocr_line' id='line_1_22' title="bbox 319 2761 1485 2849; baseline 0.004 -26"><span class='ocrx_word' id='word_1_163' title='bbox 319 2762 396 2823; x_wconf 89' lang='lat' dir='ltr'><strong>Item</strong></span> <span class='ocrx_word' id='word_1_164' title='bbox 421 2782 514 2823; x_wconf 87' lang='lat' dir='ltr'><strong>causa</strong></span> <span class='ocrx_word' id='word_1_165' title='bbox 540 2761 672 2843; x_wconf 79' lang='lat' dir='ltr'><strong>Georgii</strong></span> <span class='ocrx_word' id='word_1_166' title='bbox 696 2761 753 2824; x_wconf 92' lang='lat' dir='ltr'><strong>filii</strong></span> <span class='ocrx_word' id='word_1_167' title='bbox 781 2763 934 2825; x_wconf 90' lang='lat' dir='ltr'><strong>Hermani</strong></span> <span class='ocrx_word' id='word_1_168' title='bbox 970 2779 1000 2826; x_wconf 87' lang='lat' dir='ltr'><strong>ct</strong></span> <span class='ocrx_word' id='word_1_169' title='bbox 1024 2764 1181 2826; x_wconf 84' lang='lat' dir='ltr'><strong>Anthonii</strong></span> <span class='ocrx_word' id='word_1_170' title='bbox 1206 2765 1316 2828; x_wconf 88' lang='lat' dir='ltr'><strong>estad</strong></span> <span class='ocrx_word' id='word_1_171' title='bbox 1340 2766 1485 2849; x_wconf 90' lang='lat' dir='ltr'><strong>primum</strong></span> 
     </span>
     <span class='ocr_line' id='line_1_23' title="bbox 214 2867 1488 2953; baseline 0.005 -24"><span class='ocrx_word' id='word_1_172' title='bbox 214 2867 368 2948; x_wconf 80' lang='lat' dir='ltr'><strong>judicium</strong></span> <span class='ocrx_word' id='word_1_173' title='bbox 385 2880 457 2949; x_wconf 91' lang='lat' dir='ltr'><strong>post</strong></span> <span class='ocrx_word' id='word_1_174' title='bbox 474 2869 616 2930; x_wconf 90' lang='lat' dir='ltr'><strong>medium</strong></span> <span class='ocrx_word' id='word_1_175' title='bbox 634 2869 878 2950; x_wconf 87' lang='lat' dir='ltr'><strong>quadragesime</strong></span> <span class='ocrx_word' id='word_1_176' title='bbox 896 2885 1078 2953; x_wconf 92' lang='lat' dir='ltr'><strong>prorogata,</strong></span> <span class='ocrx_word' id='word_1_177' title='bbox 1103 2891 1198 2933; x_wconf 91' lang='lat' dir='ltr'><strong>causa</strong></span> <span class='ocrx_word' id='word_1_178' title='bbox 1222 2871 1488 2952; x_wconf 82' lang='lat' dir='ltr'><strong>investigacionis</strong></span> 
     </span>
     <span class='ocr_line' id='line_1_24' title="bbox 213 2973 1053 3058; baseline 0.002 -22"><span class='ocrx_word' id='word_1_179' title='bbox 213 2973 409 3037; x_wconf 90' lang='lat' dir='ltr'><strong>florenorum</strong></span> <span class='ocrx_word' id='word_1_180' title='bbox 432 2974 630 3057; x_wconf 91' lang='lat' dir='ltr'><strong>perditorum</strong></span> <span class='ocrx_word' id='word_1_181' title='bbox 654 2995 711 3058; x_wconf 91' lang='lat' dir='ltr'><strong>per</strong></span> <span class='ocrx_word' id='word_1_182' title='bbox 735 2976 839 3056; x_wconf 90' lang='lat' dir='ltr'><strong>ipsum</strong></span> <span class='ocrx_word' id='word_1_183' title='bbox 864 2975 1053 3057; x_wconf 90' lang='lat' dir='ltr'><strong>Georgium.</strong></span> 
     </span>
    </p>

    <p class='ocr_par' dir='ltr' id='par_1_11' title="bbox 320 3081 1251 3165">
     <span class='ocr_line' id='line_1_25' title="bbox 320 3081 1251 3165; baseline 0.002 -23"><span class='ocrx_word' id='word_1_184' title='bbox 320 3081 398 3143; x_wconf 89' lang='lat' dir='ltr'><strong>ltem</strong></span> <span class='ocrx_word' id='word_1_185' title='bbox 422 3081 498 3142; x_wconf 93' lang='lat' dir='ltr'><strong>luan</strong></span> <span class='ocrx_word' id='word_1_186' title='bbox 524 3096 632 3142; x_wconf 88' lang='lat' dir='ltr'><strong>contra</strong></span> <span class='ocrx_word' id='word_1_187' title='bbox 658 3082 793 3142; x_wconf 85' lang='lat' dir='ltr'><strong>Paulum</strong></span> <span class='ocrx_word' id='word_1_188' title='bbox 818 3096 932 3144; x_wconf 88' lang='lat' dir='ltr'><strong>octavo</strong></span> <span class='ocrx_word' id='word_1_189' title='bbox 957 3082 1008 3144; x_wconf 90' lang='lat' dir='ltr'><strong>die</strong></span> <span class='ocrx_word' id='word_1_190' title='bbox 1033 3082 1251 3165; x_wconf 90' lang='lat' dir='ltr'><strong>respondebit.</strong></span> 
     </span>
    </p>

    <p class='ocr_par' dir='ltr' id='par_1_12' title="bbox 217 3187 1487 3376">
     <span class='ocr_line' id='line_1_26' title="bbox 322 3187 1487 3272; baseline 0.007 -25"><span class='ocrx_word' id='word_1_191' title='bbox 322 3187 399 3249; x_wconf 91' lang='lat' dir='ltr'><strong>ltem</strong></span> <span class='ocrx_word' id='word_1_192' title='bbox 425 3207 518 3248; x_wconf 88' lang='lat' dir='ltr'><strong>causa</strong></span> <span class='ocrx_word' id='word_1_193' title='bbox 544 3187 669 3249; x_wconf 90' lang='lat' dir='ltr'><strong>Ferlich</strong></span> <span class='ocrx_word' id='word_1_194' title='bbox 695 3188 770 3248; x_wconf 90' lang='lat' dir='ltr'><strong>luan</strong></span> <span class='ocrx_word' id='word_1_195' title='bbox 803 3202 833 3249; x_wconf 89' lang='lat' dir='ltr'><strong>et</strong></span> <span class='ocrx_word' id='word_1_196' title='bbox 857 3188 1014 3249; x_wconf 85' lang='lat' dir='ltr'><strong>lobannis</strong></span> <span class='ocrx_word' id='word_1_197' title='bbox 1037 3202 1084 3250; x_wconf 84' lang='lat' dir='ltr'><strong>eat</strong></span> <span class='ocrx_word' id='word_1_198' title='bbox 1114 3208 1171 3271; x_wconf 91' lang='lat' dir='ltr'><strong>per</strong></span> <span class='ocrx_word' id='word_1_199' title='bbox 1195 3187 1377 3272; x_wconf 89' lang='lat' dir='ltr'><strong>Georgium</strong></span> <span class='ocrx_word' id='word_1_200' title='bbox 1402 3189 1487 3255; x_wconf 90' lang='lat' dir='ltr'><strong>Ger·</strong></span> 
     </span>
     <span class='ocr_line' id='line_1_27' title="bbox 217 3292 906 3376; baseline 0.003 -21"><span class='ocrx_word' id='word_1_201' title='bbox 217 3293 292 3355; x_wconf 91' lang='lat' dir='ltr'><strong>dine</strong></span> <span class='ocrx_word' id='word_1_202' title='bbox 317 3293 356 3354; x_wconf 88' lang='lat' dir='ltr'><strong>ad</strong></span> <span class='ocrx_word' id='word_1_203' title='bbox 381 3307 454 3354; x_wconf 94' lang='lat' dir='ltr'><strong>octo</strong></span> <span class='ocrx_word' id='word_1_204' title='bbox 479 3293 546 3354; x_wconf 85' lang='lat' dir='ltr'><strong>dies</strong></span> <span class='ocrx_word' id='word_1_205' title='bbox 570 3308 695 3375; x_wconf 87' lang='lat' dir='ltr'><strong>recepta</strong></span> <span class='ocrx_word' id='word_1_206' title='bbox 719 3292 758 3354; x_wconf 93' lang='lat' dir='ltr'><strong>ad</strong></span> <span class='ocrx_word' id='word_1_207' title='bbox 782 3314 906 3376; x_wconf 90' lang='lat' dir='ltr'><strong>pacem.</strong></span> 
     </span>
    </p>

    <p class='ocr_par' dir='ltr' id='par_1_13' title="bbox 217 3398 1488 3586">
     <span class='ocr_line' id='line_1_28' title="bbox 322 3398 1488 3484; baseline 0.007 -25"><span class='ocrx_word' id='word_1_208' title='bbox 322 3398 400 3459; x_wconf 92' lang='lat' dir='ltr'><strong>ltem</strong></span> <span class='ocrx_word' id='word_1_209' title='bbox 431 3419 523 3460; x_wconf 90' lang='lat' dir='ltr'><strong>causa</strong></span> <span class='ocrx_word' id='word_1_210' title='bbox 556 3399 696 3481; x_wconf 91' lang='lat' dir='ltr'><strong>Philippi</strong></span> <span class='ocrx_word' id='word_1_211' title='bbox 736 3412 767 3461; x_wconf 88' lang='lat' dir='ltr'><strong>et</strong></span> <span class='ocrx_word' id='word_1_212' title='bbox 796 3400 1044 3462; x_wconf 90' lang='lat' dir='ltr'><strong>Huzarenouich</strong></span> <span class='ocrx_word' id='word_1_213' title='bbox 1078 3414 1125 3463; x_wconf 88' lang='lat' dir='ltr'><strong>est</strong></span> <span class='ocrx_word' id='word_1_214' title='bbox 1155 3421 1211 3484; x_wconf 95' lang='lat' dir='ltr'><strong>per</strong></span> <span class='ocrx_word' id='word_1_215' title='bbox 1241 3402 1409 3465; x_wconf 89' lang='lat' dir='ltr'><strong>Mareuum</strong></span> <span class='ocrx_word' id='word_1_216' title='bbox 1444 3406 1488 3467; x_wconf 92' lang='lat' dir='ltr'><strong>ad</strong></span> 
     </span>
     <span class='ocr_line' id='line_1_29' title="bbox 217 3504 743 3586; baseline 0.002 -20"><span class='ocrx_word' id='word_1_217' title='bbox 217 3517 291 3566; x_wconf 94' lang='lat' dir='ltr'><strong>octo</strong></span> <span class='ocrx_word' id='word_1_218' title='bbox 314 3504 383 3564; x_wconf 88' lang='lat' dir='ltr'><strong>dies</strong></span> <span class='ocrx_word' id='word_1_219' title='bbox 407 3517 533 3586; x_wconf 91' lang='lat' dir='ltr'><strong>recepta</strong></span> <span class='ocrx_word' id='word_1_220' title='bbox 556 3504 596 3566; x_wconf 90' lang='lat' dir='ltr'><strong>ad</strong></span> <span class='ocrx_word' id='word_1_221' title='bbox 621 3524 743 3586; x_wconf 92' lang='lat' dir='ltr'><strong>pacem.</strong></span> 
     </span>
    </p>

    <p class='ocr_par' dir='ltr' id='par_1_14' title="bbox 323 3610 1376 3698">
     <span class='ocr_line' id='line_1_30' title="bbox 323 3610 1376 3698; baseline 0.008 -28"><span class='ocrx_word' id='word_1_222' title='bbox 323 3610 400 3672; x_wconf 92' lang='lat' dir='ltr'><strong>ltem</strong></span> <span class='ocrx_word' id='word_1_223' title='bbox 424 3610 576 3671; x_wconf 92' lang='lat' dir='ltr'><strong>Nicolaus</strong></span> <span class='ocrx_word' id='word_1_224' title='bbox 599 3623 709 3672; x_wconf 88' lang='lat' dir='ltr'><strong>contra</strong></span> <span class='ocrx_word' id='word_1_225' title='bbox 734 3611 911 3694; x_wconf 89' lang='lat' dir='ltr'><strong>Georgium</strong></span> <span class='ocrx_word' id='word_1_226' title='bbox 941 3626 1055 3675; x_wconf 87' lang='lat' dir='ltr'><strong>octavo</strong></span> <span class='ocrx_word' id='word_1_227' title='bbox 1080 3613 1133 3675; x_wconf 88' lang='lat' dir='ltr'><strong>die</strong></span> <span class='ocrx_word' id='word_1_228' title='bbox 1157 3615 1376 3698; x_wconf 89' lang='lat' dir='ltr'><strong>respondebit.</strong></span> 
     </span>
    </p>

    <p class='ocr_par' dir='ltr' id='par_1_15' title="bbox 218 3716 1486 3908">
     <span class='ocr_line' id='line_1_31' title="bbox 323 3716 1486 3801; baseline 0.01 -25"><span class='ocrx_word' id='word_1_229' title='bbox 323 3716 400 3777; x_wconf 86' lang='lat' dir='ltr'><strong>ltem</strong></span> <span class='ocrx_word' id='word_1_230' title='bbox 425 3735 519 3777; x_wconf 89' lang='lat' dir='ltr'><strong>causa</strong></span> <span class='ocrx_word' id='word_1_231' title='bbox 544 3717 653 3778; x_wconf 88' lang='lat' dir='ltr'><strong>Punek</strong></span> <span class='ocrx_word' id='word_1_232' title='bbox 686 3729 716 3778; x_wconf 91' lang='lat' dir='ltr'><strong>et</strong></span> <span class='ocrx_word' id='word_1_233' title='bbox 740 3717 894 3800; x_wconf 86' lang='lat' dir='ltr'><strong>Stephani</strong></span> <span class='ocrx_word' id='word_1_234' title='bbox 919 3734 964 3780; x_wconf 91' lang='lat' dir='ltr'><strong>est</strong></span> <span class='ocrx_word' id='word_1_235' title='bbox 997 3739 1053 3801; x_wconf 91' lang='lat' dir='ltr'><strong>per</strong></span> <span class='ocrx_word' id='word_1_236' title='bbox 1078 3720 1258 3783; x_wconf 88' lang='lat' dir='ltr'><strong>Francham</strong></span> <span class='ocrx_word' id='word_1_237' title='bbox 1282 3720 1486 3788; x_wconf 85' lang='lat' dir='ltr'><strong>aurifabrum</strong></span> 
     </span>
     <span class='ocr_line' id='line_1_32' title="bbox 218 3821 1062 3908; baseline 0.005 -24"><span class='ocrx_word' id='word_1_238' title='bbox 218 3838 249 3885; x_wconf 91' lang='lat' dir='ltr'><strong>et</strong></span> <span class='ocrx_word' id='word_1_239' title='bbox 274 3825 441 3885; x_wconf 89' lang='lat' dir='ltr'><strong>Marenum</strong></span> <span class='ocrx_word' id='word_1_240' title='bbox 465 3821 505 3882; x_wconf 91' lang='lat' dir='ltr'><strong>ad</strong></span> <span class='ocrx_word' id='word_1_241' title='bbox 530 3837 603 3884; x_wconf 93' lang='lat' dir='ltr'><strong>octo</strong></span> <span class='ocrx_word' id='word_1_242' title='bbox 628 3823 695 3884; x_wconf 83' lang='lat' dir='ltr'><strong>dies</strong></span> <span class='ocrx_word' id='word_1_243' title='bbox 723 3838 850 3906; x_wconf 89' lang='lat' dir='ltr'><strong>recepta</strong></span> <span class='ocrx_word' id='word_1_244' title='bbox 874 3825 913 3888; x_wconf 87' lang='lat' dir='ltr'><strong>ad</strong></span> <span class='ocrx_word' id='word_1_245' title='bbox 938 3845 1062 3908; x_wconf 91' lang='lat' dir='ltr'><strong>pacem.</strong></span> 
     </span>
    </p>

    <p class='ocr_par' dir='ltr' id='par_1_16' title="bbox 218 3929 1487 4313">
     <span class='ocr_line' id='line_1_33' title="bbox 323 3929 1486 4014; baseline 0.008 -25"><span class='ocrx_word' id='word_1_246' title='bbox 323 3929 401 3991; x_wconf 92' lang='lat' dir='ltr'><strong>ltem</strong></span> <span class='ocrx_word' id='word_1_247' title='bbox 426 3929 573 4010; x_wconf 90' lang='lat' dir='ltr'><strong>Mychael</strong></span> <span class='ocrx_word' id='word_1_248' title='bbox 606 3929 763 4013; x_wconf 91' lang='lat' dir='ltr'><strong>Damyani</strong></span> <span class='ocrx_word' id='word_1_249' title='bbox 794 3945 909 3993; x_wconf 83' lang='lat' dir='ltr'><strong>octavo</strong></span> <span class='ocrx_word' id='word_1_250' title='bbox 938 3931 991 3993; x_wconf 92' lang='lat' dir='ltr'><strong>die</strong></span> <span class='ocrx_word' id='word_1_251' title='bbox 1023 3953 1079 4014; x_wconf 89' lang='lat' dir='ltr'><strong>per</strong></span> <span class='ocrx_word' id='word_1_252' title='bbox 1103 3933 1275 3996; x_wconf 90' lang='lat' dir='ltr'><strong>Nicolaum</strong></span> <span class='ocrx_word' id='word_1_253' title='bbox 1299 3933 1402 3996; x_wconf 91' lang='lat' dir='ltr'><strong>filium</strong></span> <span class='ocrx_word' id='word_1_254' title='bbox 1426 3936 1486 3999; x_wconf 95' lang='lat' dir='ltr'><strong>Ni·</strong></span> 
     </span>
     <span class='ocr_line' id='line_1_34' title="bbox 219 4034 1487 4121; baseline 0.009 -26"><span class='ocrx_word' id='word_1_255' title='bbox 219 4035 301 4096; x_wconf 90' lang='lat' dir='ltr'><strong>colai</strong></span> <span class='ocrx_word' id='word_1_256' title='bbox 326 4034 382 4096; x_wconf 87' lang='lat' dir='ltr'><strong>filii</strong></span> <span class='ocrx_word' id='word_1_257' title='bbox 416 4036 581 4097; x_wconf 89' lang='lat' dir='ltr'><strong>Benedicti</strong></span> <span class='ocrx_word' id='word_1_258' title='bbox 612 4050 642 4097; x_wconf 91' lang='lat' dir='ltr'><strong>et</strong></span> <span class='ocrx_word' id='word_1_259' title='bbox 675 4037 898 4099; x_wconf 75' lang='lat' dir='ltr'><strong>Sebastianum</strong></span> <span class='ocrx_word' id='word_1_260' title='bbox 930 4051 1072 4100; x_wconf 90' lang='lat' dir='ltr'><strong>sutorem</strong></span> <span class='ocrx_word' id='word_1_261' title='bbox 1103 4060 1138 4101; x_wconf 94' lang='lat' dir='ltr'><strong>ac</strong></span> <span class='ocrx_word' id='word_1_262' title='bbox 1171 4039 1348 4121; x_wconf 88' lang='lat' dir='ltr'><strong>Georgium</strong></span> <span class='ocrx_word' id='word_1_263' title='bbox 1379 4039 1487 4106; x_wconf 90' lang='lat' dir='ltr'><strong>filium</strong></span> 
     </span>
     <span class='ocr_line' id='line_1_35' title="bbox 218 4141 1486 4231; baseline 0.007 -29"><span class='ocrx_word' id='word_1_264' title='bbox 218 4141 383 4224; x_wconf 89' lang='lat' dir='ltr'><strong>Stephani,</strong></span> <span class='ocrx_word' id='word_1_265' title='bbox 415 4142 439 4202; x_wconf 90' lang='lat' dir='ltr'><strong>si</strong></span> <span class='ocrx_word' id='word_1_266' title='bbox 461 4142 616 4219; x_wconf 83' lang='lat' dir='ltr'><strong>venerint,</strong></span> <span class='ocrx_word' id='word_1_267' title='bbox 648 4143 869 4205; x_wconf 89' lang='lat' dir='ltr'><strong>testimonium</strong></span> <span class='ocrx_word' id='word_1_268' title='bbox 892 4145 1049 4227; x_wconf 90' lang='lat' dir='ltr'><strong>producet</strong></span> <span class='ocrx_word' id='word_1_269' title='bbox 1080 4165 1175 4227; x_wconf 89' lang='lat' dir='ltr'><strong>super</strong></span> <span class='ocrx_word' id='word_1_270' title='bbox 1206 4166 1255 4226; x_wconf 90' lang='lat' dir='ltr'><strong>eo,</strong></span> <span class='ocrx_word' id='word_1_271' title='bbox 1290 4146 1379 4229; x_wconf 93' lang='lat' dir='ltr'><strong>quod</strong></span> <span class='ocrx_word' id='word_1_272' title='bbox 1415 4148 1486 4231; x_wconf 89' lang='lat' dir='ltr'><strong>ipse</strong></span> 
     </span>
     <span class='ocr_line' id='line_1_36' title="bbox 218 4247 922 4313; baseline 0.004 -4"><span class='ocrx_word' id='word_1_273' title='bbox 218 4248 406 4309; x_wconf 86' lang='lat' dir='ltr'><strong>Banlronem</strong></span> <span class='ocrx_word' id='word_1_274' title='bbox 430 4268 462 4309; x_wconf 88' lang='lat' dir='ltr'><strong>se</strong></span> <span class='ocrx_word' id='word_1_275' title='bbox 488 4247 692 4310; x_wconf 85' lang='lat' dir='ltr'><strong>defendendo</strong></span> <span class='ocrx_word' id='word_1_276' title='bbox 716 4250 922 4313; x_wconf 87' lang='lat' dir='ltr'><strong>vulnerasset.</strong></span> 
     </span>
    </p>
   </div>
   <div class='ocr_carea' id='block_1_4' title="bbox 218 4352 1484 4540">
    <p class='ocr_par' dir='ltr' id='par_1_17' title="bbox 218 4352 1484 4540">
     <span class='ocr_line' id='line_1_37' title="bbox 324 4352 1484 4425; baseline 0.01 -12"><span class='ocrx_word' id='word_1_277' title='bbox 324 4353 401 4413; x_wconf 91' lang='lat' dir='ltr'><strong>ltem</strong></span> <span class='ocrx_word' id='word_1_278' title='bbox 426 4353 535 4415; x_wconf 88' lang='lat' dir='ltr'><strong>relicta</strong></span> <span class='ocrx_word' id='word_1_279' title='bbox 560 4352 684 4415; x_wconf 89' lang='lat' dir='ltr'><strong>Nicolai</strong></span> <span class='ocrx_word' id='word_1_280' title='bbox 709 4354 862 4418; x_wconf 81' lang='lat' dir='ltr'><strong>aurifabri</strong></span> <span class='ocrx_word' id='word_1_281' title='bbox 895 4370 1004 4420; x_wconf 94' lang='lat' dir='ltr'><strong>contra</strong></span> <span class='ocrx_word' id='word_1_282' title='bbox 1028 4358 1105 4420; x_wconf 92' lang='lat' dir='ltr'><strong>luan</strong></span> <span class='ocrx_word' id='word_1_283' title='bbox 1130 4358 1272 4421; x_wconf 89' lang='lat' dir='ltr'><strong>secundo</strong></span> <span class='ocrx_word' id='word_1_284' title='bbox 1296 4359 1391 4423; x_wconf 82' lang='lat' dir='ltr'><strong>citata</strong></span> <span class='ocrx_word' id='word_1_285' title='bbox 1414 4381 1484 4425; x_wconf 91' lang='lat' dir='ltr'><strong>non</strong></span> 
     </span>
     <span class='ocr_line' id='line_1_38' title="bbox 218 4459 406 4540; baseline 0 -21"><span class='ocrx_word' id='word_1_286' title='bbox 218 4459 406 4540; x_wconf 87' lang='lat' dir='ltr'><strong>comparuit.</strong></span> 
     </span>
    </p>
   </div>
   <div class='ocr_carea' id='block_1_5' title="bbox 218 4564 1484 4754">
    <p class='ocr_par' dir='ltr' id='par_1_18' title="bbox 218 4564 1484 4754">
     <span class='ocr_line' id='line_1_39' title="bbox 323 4564 1484 4655; baseline 0.009 -30"><span class='ocrx_word' id='word_1_287' title='bbox 323 4564 402 4626; x_wconf 90' lang='lat' dir='ltr'><strong>ltem</strong></span> <span class='ocrx_word' id='word_1_288' title='bbox 426 4585 520 4626; x_wconf 88' lang='lat' dir='ltr'><strong>causa</strong></span> <span class='ocrx_word' id='word_1_289' title='bbox 542 4565 694 4648; x_wconf 90' lang='lat' dir='ltr'><strong>Stephani</strong></span> <span class='ocrx_word' id='word_1_290' title='bbox 719 4568 986 4632; x_wconf 91' lang='lat' dir='ltr'><strong>molendinatoris</strong></span> <span class='ocrx_word' id='word_1_291' title='bbox 1010 4586 1040 4633; x_wconf 92' lang='lat' dir='ltr'><strong>et</strong></span> <span class='ocrx_word' id='word_1_292' title='bbox 1056 4573 1147 4634; x_wconf 88' lang='lat' dir='ltr'><strong>Marlr</strong></span> <span class='ocrx_word' id='word_1_293' title='bbox 1172 4585 1219 4634; x_wconf 88' lang='lat' dir='ltr'><strong>est</strong></span> <span class='ocrx_word' id='word_1_294' title='bbox 1242 4591 1298 4655; x_wconf 89' lang='lat' dir='ltr'><strong>per</strong></span> <span class='ocrx_word' id='word_1_295' title='bbox 1320 4584 1416 4635; x_wconf 85' lang='lat' dir='ltr'><strong>testes</strong></span> <span class='ocrx_word' id='word_1_296' title='bbox 1440 4575 1484 4637; x_wconf 88' lang='lat' dir='ltr'><strong>ad</strong></span> 
     </span>
     <span class='ocr_line' id='line_1_40' title="bbox 218 4669 744 4754; baseline 0.01 -24"><span class='ocrx_word' id='word_1_297' title='bbox 218 4683 291 4731; x_wconf 93' lang='lat' dir='ltr'><strong>octo</strong></span> <span class='ocrx_word' id='word_1_298' title='bbox 315 4669 383 4732; x_wconf 88' lang='lat' dir='ltr'><strong>dies</strong></span> <span class='ocrx_word' id='word_1_299' title='bbox 407 4684 533 4754; x_wconf 89' lang='lat' dir='ltr'><strong>recepta</strong></span> <span class='ocrx_word' id='word_1_300' title='bbox 557 4672 596 4733; x_wconf 92' lang='lat' dir='ltr'><strong>ad</strong></span> <span class='ocrx_word' id='word_1_301' title='bbox 621 4692 744 4753; x_wconf 90' lang='lat' dir='ltr'><strong>pacem.</strong></span> 
     </span>
    </p>
   </div>
   <div class='ocr_carea' id='block_1_6' title="bbox 324 4776 1486 4871">
    <p class='ocr_par' dir='ltr' id='par_1_19' title="bbox 324 4776 1486 4871">
     <span class='ocr_line' id='line_1_41' title="bbox 324 4776 1486 4871; baseline 0.009 -33"><span class='ocrx_word' id='word_1_302' title='bbox 324 4776 402 4839; x_wconf 89' lang='lat' dir='ltr'><strong>ltem</strong></span> <span class='ocrx_word' id='word_1_303' title='bbox 428 4779 583 4840; x_wconf 79' lang='lat' dir='ltr'><strong>Martinus</strong></span> <span class='ocrx_word' id='word_1_304' title='bbox 606 4781 822 4863; x_wconf 88' lang='lat' dir='ltr'><strong>carpentarius</strong></span> <span class='ocrx_word' id='word_1_305' title='bbox 853 4802 912 4844; x_wconf 89' lang='lat' dir='ltr'><strong>suo</strong></span> <span class='ocrx_word' id='word_1_306' title='bbox 943 4784 1128 4847; x_wconf 88' lang='lat' dir='ltr'><strong>testimonio</strong></span> <span class='ocrx_word' id='word_1_307' title='bbox 1149 4786 1306 4869; x_wconf 87' lang='lat' dir='ltr'><strong>premisso</strong></span> <span class='ocrx_word' id='word_1_308' title='bbox 1327 4785 1486 4871; x_wconf 91' lang='lat' dir='ltr'><strong>sollemp-</strong></span> 
     </span>
    </p>
   </div>
   <div class='ocr_carea' id='block_1_7' title="bbox 0 0 1707 5362">
    <p class='ocr_par' dir='ltr' id='par_1_20' title="bbox 0 0 1707 5362">
     <span class='ocr_line' id='line_1_42' title="bbox 0 0 1707 5362; baseline 0 0"><span class='ocrx_word' id='word_1_309' title='bbox 0 0 1707 5362; x_wconf 95' lang='lat' dir='ltr'><strong> </strong></span> 
     </span>
    </p>
   </div>
  </div>
 </body>
</html>
