3404 5362
790 342 877 399 Anno
901 351 988 416 1375.
1014 373 1054 383 —
1080 336 1111 399 8.
1126 340 1220 415 jumi.

492 550 569 612 Item
595 550 672 611 luen
696 564 805 611 contra
830 549 960 612 Petrum
984 551 1082 611 tercio
1111 549 1224 610 citatus
1247 568 1313 609 non
1338 550 1520 630 comparuit
1548 568 1657 630 neque

385 656 481 718 misit.

491 761 570 822 Item
595 762 717 843 Symon
743 759 826 842 Zyrk
854 775 964 822 contra
997 760 1162 821 Vrbanum
1187 759 1226 820 ad
1261 759 1450 821 mandatum
1474 759 1657 842 juratorum

384 886 451 928 non
475 868 665 949 comparuit.

543 1085 640 1160 Feria
668 1095 767 1159 sexta
794 1090 951 1177 proxima
978 1097 1057 1161 ante
1084 1089 1207 1161 festum
1236 1089 1485 1162 Penthecostes.

934 1237 980 1317 (8.
996 1242 1104 1318 sitnia).

493 1382 601 1443 Primo
626 1380 750 1464 Cylrwk
775 1400 847 1442 cum
871 1380 936 1441 suis
957 1381 1111 1462 proximis
1134 1382 1303 1465 Dyonisio,
1329 1382 1580 1444 Paradeclralma
1597 1403 1656 1444 vo·

385 1504 469 1569 cato,
491 1501 600 1550 nostro
625 1487 761 1565 concivi,
785 1506 888 1548 unum
906 1487 1060 1548 eubulum
1078 1489 1159 1549 milii
1183 1503 1310 1552 tenetur
1334 1490 1366 1551 in
1391 1489 1568 1571 quindenis
1583 1509 1657 1571 per-

385 1595 589 1658 solvendum.

490 1701 568 1762 Item
603 1720 695 1762 causa
729 1700 856 1761 Lucasii
886 1701 1060 1764 sacerdotis
1091 1716 1122 1764 et
1151 1702 1249 1763 Marci
1283 1716 1329 1764 est
1360 1722 1416 1784 per
1441 1701 1600 1763 Martinos
1626 1716 1657 1762 et

385 1807 540 1869 Iacobum
565 1805 735 1889 pellificem
760 1806 801 1868 ad
825 1807 1007 1888 quindenas
1031 1823 1156 1890 recepta
1181 1809 1221 1869 ad
1245 1828 1369 1891 pacem,

490 1914 568 1975 Item
594 1913 760 1974 Emericus
784 1927 893 1974 contra
910 1912 1074 1976 Andream
1091 1915 1228 1975 condam
1253 1912 1392 1995 juratum
1408 1914 1514 1997 primo
1539 1915 1656 1977 citatus

386 2042 452 2082 non
478 2021 666 2102 comparuit.

491 2127 568 2187 Item
593 2145 686 2188 causa
713 2125 907 2188 Hrexinicha
932 2139 962 2188 et
980 2126 1123 2207 magistri
1149 2126 1240 2188 Pauli
1257 2140 1303 2188 est
1326 2146 1383 2207 per
1400 2140 1494 2188 testes
1518 2126 1560 2189 ad
1578 2143 1654 2190 octo

383 2232 451 2293 dies
476 2245 601 2314 recepta
626 2231 664 2293 ad
689 2252 814 2314 pacem.

489 2337 566 2400 Item
592 2358 685 2400 causa
711 2339 834 2400 Nicolai
860 2353 891 2401 et
916 2339 1077 2400 Dominici
1102 2337 1182 2401 fabri
1201 2353 1247 2401 est
1270 2360 1327 2421 per
1352 2339 1538 2401 Ladislaum
1564 2342 1651 2403 tular

384 2444 424 2505 ad
449 2457 523 2505 octo
548 2444 616 2506 dies
640 2458 765 2527 recepta
789 2446 829 2507 ad
853 2467 976 2529 pacem.

490 2549 569 2612 Item
595 2550 775 2632 Stephanus
798 2553 944 2613 atestavit
971 2573 1027 2634 per
1050 2553 1214 2614 Andream
1239 2566 1270 2614 et
1288 2552 1398 2613 Sidam
1426 2553 1513 2634 quod
1540 2553 1652 2637 Supan

384 2655 531 2717 sacerdos
556 2677 572 2717 a
597 2655 705 2739 Lepka
730 2657 892 2739 quendam
918 2657 1055 2719 fundum
1079 2659 1139 2720 sibi
1174 2658 1345 2719 dimisisset
1368 2672 1399 2721 et
1422 2659 1603 2740 legavisset.

490 2762 567 2824 Item
592 2776 706 2825 octavo
734 2762 786 2823 die
820 2763 975 2825 Salomon
1008 2764 1220 2826 instrumenta
1245 2764 1380 2825 literalia
1412 2765 1553 2826 Brumen
1578 2767 1651 2829 red-

385 2866 460 2931 dere
485 2867 590 2932 debet.

489 2974 568 3037 Item
592 2976 732 3038 Brumen
758 2989 867 3039 contra
892 2976 1064 3038 luaninum
1087 2990 1202 3039 octavo
1227 2977 1279 3040 die
1304 2978 1520 3060 respondebit.

490 3080 568 3143 Item
604 3080 757 3144 Clemens
795 3096 904 3144 contra
937 3082 1108 3144 Nicolaum
1143 3083 1335 3163 piscatorem
1367 3097 1481 3145 octavo
1517 3083 1569 3144 die
1602 3105 1651 3146 re·

383 3185 568 3267 spondebit.

489 3292 568 3354 Item
592 3306 706 3355 octavo
731 3293 782 3354 die
800 3291 912 3355 fratres
936 3295 1078 3356 minores
1102 3307 1132 3356 et
1149 3296 1297 3356 sacerdos
1320 3296 1419 3356 sancti
1446 3296 1545 3357 Marci
1561 3297 1651 3359 testi-

384 3397 530 3459 monium
554 3398 732 3481 producent
755 3420 851 3482 snper
875 3401 1016 3483 quadam
1040 3401 1139 3463 domo
1161 3402 1238 3484 ipsis
1267 3402 1370 3483 legata
1395 3422 1450 3484 per
1473 3404 1650 3484 quamdam

384 3502 554 3565 mulierem
578 3505 618 3566 de
642 3505 713 3568 vico
738 3505 857 3570 lutoso.
