3404 5362
218 320 277 384 118
617 321 704 378 Anno
727 315 818 396 1378.
843 353 885 363 —
908 316 939 381 ό.
963 321 1076 395 aprilis.

322 532 401 595 ltem
426 552 519 594 causa
544 532 671 614 magisti
697 531 788 593 Pauli
820 544 851 593 et
876 531 1017 615 Philippi
1049 531 1107 594 filii
1132 533 1235 595 Mauri
1261 548 1307 596 est
1331 553 1389 616 per
1415 534 1487 616 My·

215 639 361 703 chaelem
386 637 490 701 Ortoli
514 637 555 700 ad
578 652 653 700 octo
681 637 749 699 dies
773 651 899 720 recepta
923 638 965 699 ad
989 658 1112 720 pacem.

321 743 477 827 (Sabbato
501 744 649 827 proximo
672 758 745 806 ante
777 744 976 806 dominicam
1009 744 1132 807 Judica.
1156 780 1199 790 —
1223 744 1332 806 Primo
1357 744 1487 826 adjudi-

215 852 358 916 cavimus
393 870 521 912 causam
553 849 685 932 Georgii
718 864 749 913 et
781 851 880 913 Marci
906 849 1047 930 Gema,
1080 851 1169 933 quod
1204 850 1290 913 idem
1323 850 1487 934 Georgius

215 977 307 1020 suam
331 976 463 1019 uxorem
489 957 522 1018 in
547 977 603 1019 sua
628 957 727 1019 domo
758 970 934 1035 conservet,
959 957 1087 1021 vineam
1112 958 1145 1018 in
1170 957 1249 1019 duas
1273 971 1378 1040 partes
1402 957 1487 1019 divi·

217 1063 295 1125 dant
319 1078 350 1125 et
374 1063 458 1124 idem
486 1064 576 1125 Mark
600 1063 745 1146 predicto
774 1061 917 1144 Georgio
941 1063 974 1124 in
1000 1062 1173 1144 quindenis
1197 1076 1335 1144 quatuor
1359 1083 1485 1125 marcas

215 1184 246 1231 et
262 1183 401 1251 quatuor
419 1188 534 1251 pensas
551 1168 757 1231 denariorum
770 1181 801 1230 et
814 1169 896 1230 duos
911 1169 1046 1230 cubulos
1063 1169 1144 1231 milii
1158 1168 1310 1231 exsolvet.
1323 1172 1487 1247 Deletum.)

435 1409 580 1479 Sabbata
609 1410 762 1496 proximo
791 1414 869 1479 ante
898 1407 1098 1478 dominicam
1126 1407 1260 1497 Judica.

568 1577 753 1652 adjudicatio
774 1579 901 1651 jndicem
924 1579 1118 1651 antiquorum.

744 1715 788 1798 (3-
818 1718 942 1792 apr-tta).

325 1858 433 1921 Primo
466 1858 547 1920 inter
580 1856 758 1938 Georgium
791 1870 822 1918 et
856 1858 1002 1919 Marlrum
1035 1857 1157 1921 Gemez
1189 1873 1236 1920 est
1265 1858 1368 1941 posita
1400 1878 1486 1941 pena

214 1965 305 2026 XXV
330 1984 449 2042 marce,
481 1965 506 2025 si
538 1983 610 2047 pars
641 1976 765 2044 partem
796 1964 895 2025 verbo
919 1964 970 2025 vel
1001 1962 1085 2026 lacto
1119 1963 1307 2043 offenderet,
1340 1980 1372 2027 et
1395 1965 1486 2028 idem

215 2071 306 2133 Mark
332 2070 437 2131 eidem
464 2069 607 2152 Georgio
631 2081 770 2149 quatuor
794 2088 916 2131 marcas
934 2068 1139 2131 denariorum
1164 2071 1271 2132 minus
1295 2090 1359 2132 una
1384 2091 1486 2153 pensa

215 2189 246 2238 et
270 2176 352 2238 duos
377 2176 513 2238 cubulos
536 2174 619 2237 milii
643 2175 675 2236 in
701 2174 874 2255 quindenis
901 2175 1063 2251 exsolvet;
1095 2176 1223 2238 vineam
1247 2189 1355 2238 autem
1380 2190 1483 2239 totam

216 2281 380 2364 predictus
406 2280 566 2363 Georgius
589 2281 750 2343 laborabit
774 2295 805 2342 et
828 2283 924 2343 ambo
942 2281 974 2342 in
999 2281 1098 2343 domo
1122 2285 1358 2364 permanebunt
1381 2303 1485 2364 usque

215 2388 349 2449 tercium
375 2407 514 2466 annum,
538 2402 611 2469 post
636 2388 771 2449 tercium
803 2407 924 2449 annum
956 2387 1118 2470 predictus
1152 2387 1312 2470 Georgius
1337 2388 1483 2450 medium

216 2492 352 2555 fundum
380 2495 475 2555 unius
499 2508 610 2575 quarte
643 2513 715 2555 cum
746 2494 853 2556 media
885 2495 984 2556 domo
1008 2509 1040 2557 et
1070 2496 1211 2577 pretorio
1245 2510 1277 2558 et
1299 2494 1485 2576 hedificare,

214 2618 272 2681 pro
298 2599 443 2681 predicto
469 2600 558 2661 Mark
584 2619 690 2661 emere
715 2599 855 2678 debebit,
888 2601 979 2663 cuius
1010 2601 1106 2663 aliam
1131 2615 1253 2684 partem
1278 2600 1366 2663 idem
1391 2602 1484 2665 Mark

214 2704 303 2765 solus
328 2702 424 2765 debet
447 2723 631 2786 comparare
660 2718 691 2765 et
715 2702 896 2768 hedificare.

321 2809 400 2872 ltem
419 2809 579 2891 Georgius
595 2809 716 2890 juratus
739 2808 824 2872 filius
841 2811 984 2873 Herman
1002 2813 1137 2874 Nicolao
1155 2810 1224 2874 filio
1249 2812 1374 2875 Odolas
1407 2828 1482 2876 octo

216 2935 289 2978 cum
313 2916 423 2978 medio
448 2915 516 2978 flor.
542 2929 574 2979 et
596 2916 639 2977 XI
664 2935 778 2998 pensas
798 2916 1004 2979 denariorum
1029 2919 1061 2980 in
1085 2919 1259 3001 quindenis
1282 2919 1437 2982 exsolvet.

323 3022 400 3084 ltem
426 3023 606 3103 Pertoldus,
631 3023 821 3101 Laurencio,
854 3022 997 3106 Georgio
1020 3039 1051 3086 et
1074 3025 1196 3087 Jacobo
1228 3024 1308 3087 Bole
1341 3024 1482 3088 condam

217 3128 326 3209 juratis
350 3142 480 3212 propter
496 3131 585 3211 quod
609 3148 704 3213 super
721 3130 807 3213 ipsos
823 3130 971 3211 sagitavit
992 3131 1024 3191 in
1049 3131 1222 3212 quindenis
1238 3131 1371 3193 cuilibet
1395 3132 1483 3214 ipso-

214 3254 286 3296 rum
309 3236 338 3296 X
363 3255 486 3297 marcas
509 3236 716 3299 denariorum
745 3236 887 3297 exsolvet
912 3235 1054 3300 indilate.

323 3342 402 3404 Item
427 3343 611 3405 Anthonius
629 3343 730 3405 Reniz
755 3355 865 3404 contra
882 3341 1055 3425 Gyuanum
1074 3343 1152 3405 feria
1168 3357 1255 3407 sexta
1278 3343 1398 3425 jurabit
1414 3359 1483 3409 met

217 3447 348 3529 quintus
373 3449 406 3510 in
430 3468 481 3528 eo,
506 3448 594 3530 quod
626 3448 693 3530 ipse
716 3448 776 3509 sibi
808 3462 882 3510 octo
914 3447 984 3510 flor.
1016 3450 1084 3511 auri
1115 3450 1338 3513 acomodasset
1361 3464 1397 3513 ut
1419 3450 1483 3513 sibi

217 3553 268 3615 hic
293 3555 450 3635 Zagrabie
475 3555 539 3617 duo
562 3554 657 3637 pepla
681 3569 736 3616 aut
752 3554 815 3616 alia
835 3556 1045 3617 mercimonia
1061 3557 1151 3619 daret
1174 3570 1205 3619 et
1229 3557 1404 3638 assignaret
1420 3577 1481 3640 pro

215 3659 350 3740 eisdem,
375 3662 430 3723 sed
455 3662 540 3744 ipsos
563 3682 629 3724 non
654 3662 811 3724 concessit
835 3661 875 3722 ad
900 3660 1061 3724 fortunam
1088 3682 1193 3744 neque
1218 3664 1258 3725 ad
1282 3664 1421 3727 Budam.

398 3896 496 3971 lesia
522 3902 629 3972 tercia
657 3902 811 3990 proxima
839 3909 914 3989 post
942 3900 1142 3972 dominicam
1169 3901 1301 3991 Judica.

751 4069 795 4149 (ό.
813 4073 938 4148 aprilis).

320 4227 429 4290 Primo
454 4248 503 4290 ser
526 4228 719 4291 Benedictus
750 4244 860 4291 contra
890 4229 1066 4312 Symonem
1098 4228 1280 4292 carnificem
1305 4229 1412 4312 primo
1437 4232 1482 4293 ci·

212 4347 296 4396 tatus
320 4354 386 4396 non
412 4335 601 4416 comparuit.

321 4439 400 4503 ltem
434 4440 601 4502 Ladislaus
632 4460 770 4503 assessor
801 4454 911 4503 contra
946 4442 1109 4505 Andream
1143 4443 1198 4505 Sib
1229 4443 1335 4525 primo
1368 4444 1482 4507 citatus

213 4563 280 4605 non
308 4546 498 4628 comparuit.

321 4651 397 4713 ltem
432 4652 522 4713 Mark
557 4650 642 4714 filius
675 4651 883 4715 Chernouich
919 4666 1029 4715 contra
1062 4655 1231 4717 Nicolaum
1265 4655 1480 4719 Zrebernicha

213 4757 320 4839 primo
345 4758 458 4821 citatus
482 4778 548 4820 non
572 4760 762 4842 comparuit.
