<?xml version="1.0" encoding="UTF-8"?>
<!DOCTYPE html PUBLIC "-//W3C//DTD XHTML 1.0 Transitional//EN"
    "http://www.w3.org/TR/xhtml1/DTD/xhtml1-transitional.dtd">
<html xmlns="http://www.w3.org/1999/xhtml" xml:lang="en" lang="en">
 <head>
  <title>
</title>
<meta http-equiv="Content-Type" content="text/html;charset=utf-8" />
  <meta name='ocr-system' content='tesseract 3.04.00' />
  <meta name='ocr-capabilities' content='ocr_page ocr_carea ocr_par ocr_line ocrx_word'/>
</head>
<body>
  <div class='ocr_page' id='page_1' title='image "./monumentahistor04laszgoog/monumentahistor04laszgoog_0059.png"; bbox 0 0 3404 5362; ppageno 0'>
   <div class='ocr_carea' id='block_1_1' title="bbox 210 329 1482 4235">
    <p class='ocr_par' dir='ltr' id='par_1_1' title="bbox 609 329 1079 404">
     <span class='ocr_line' id='line_1_1' title="bbox 609 329 1079 404; baseline 0.006 -19"><span class='ocrx_word' id='word_1_1' title='bbox 609 329 695 386; x_wconf 84' lang='lat' dir='ltr'><strong>Anno</strong></span> <span class='ocrx_word' id='word_1_2' title='bbox 719 339 805 404; x_wconf 74' lang='lat'><em>1375.</em></span> <span class='ocrx_word' id='word_1_3' title='bbox 830 362 871 370; x_wconf 96' lang='lat'><em>-</em></span> <span class='ocrx_word' id='word_1_4' title='bbox 895 343 946 388; x_wconf 89' lang='lat'><strong>20.</strong></span> <span class='ocrx_word' id='word_1_5' title='bbox 970 330 1079 389; x_wconf 62' lang='lat' dir='ltr'><strong>marta.</strong></span> 
     </span>
    </p>

    <p class='ocr_par' dir='ltr' id='par_1_2' title="bbox 214 541 1481 731">
     <span class='ocr_line' id='line_1_2' title="bbox 321 541 1481 623; baseline -0.001 -21"><span class='ocrx_word' id='word_1_6' title='bbox 321 541 398 602; x_wconf 88' lang='lat' dir='ltr'><strong>Item</strong></span> <span class='ocrx_word' id='word_1_7' title='bbox 423 560 517 603; x_wconf 90' lang='lat' dir='ltr'><strong>causa</strong></span> <span class='ocrx_word' id='word_1_8' title='bbox 534 541 689 603; x_wconf 86' lang='lat' dir='ltr'><strong>Anthonii</strong></span> <span class='ocrx_word' id='word_1_9' title='bbox 714 556 745 603; x_wconf 89' lang='lat' dir='ltr'><strong>et</strong></span> <span class='ocrx_word' id='word_1_10' title='bbox 769 541 852 604; x_wconf 83' lang='lat' dir='ltr'><strong>Alen</strong></span> <span class='ocrx_word' id='word_1_11' title='bbox 870 542 968 604; x_wconf 84' lang='lat' dir='ltr'>nostri</span> <span class='ocrx_word' id='word_1_12' title='bbox 989 541 1130 604; x_wconf 89' lang='lat' dir='ltr'><strong>hominis</strong></span> <span class='ocrx_word' id='word_1_13' title='bbox 1153 554 1201 602; x_wconf 92' lang='lat' dir='ltr'><strong>est</strong></span> <span class='ocrx_word' id='word_1_14' title='bbox 1224 559 1280 623; x_wconf 90' lang='lat' dir='ltr'><strong>per</strong></span> <span class='ocrx_word' id='word_1_15' title='bbox 1304 541 1481 602; x_wconf 82' lang='lat' dir='ltr'><strong>Martinam</strong></span> 
     </span>
     <span class='ocr_line' id='line_1_3' title="bbox 214 646 1080 731; baseline 0.001 -22"><span class='ocrx_word' id='word_1_16' title='bbox 214 661 246 709; x_wconf 92' lang='lat' dir='ltr'><strong>et</strong></span> <span class='ocrx_word' id='word_1_17' title='bbox 270 646 463 730; x_wconf 84' lang='lat' dir='ltr'><strong>Dyonisium</strong></span> <span class='ocrx_word' id='word_1_18' title='bbox 487 647 527 708; x_wconf 91' lang='lat' dir='ltr'><strong>ad</strong></span> <span class='ocrx_word' id='word_1_19' title='bbox 552 661 626 710; x_wconf 93' lang='lat' dir='ltr'><strong>octo</strong></span> <span class='ocrx_word' id='word_1_20' title='bbox 650 648 718 710; x_wconf 89' lang='lat' dir='ltr'><strong>dies</strong></span> <span class='ocrx_word' id='word_1_21' title='bbox 741 663 868 731; x_wconf 90' lang='lat' dir='ltr'><strong>recepta</strong></span> <span class='ocrx_word' id='word_1_22' title='bbox 892 647 932 710; x_wconf 90' lang='lat' dir='ltr'><strong>ad</strong></span> <span class='ocrx_word' id='word_1_23' title='bbox 957 667 1080 730; x_wconf 82' lang='lat' dir='ltr'><strong>pacem.</strong></span> 
     </span>
    </p>

    <p class='ocr_par' dir='ltr' id='par_1_3' title="bbox 216 752 1482 941">
     <span class='ocr_line' id='line_1_4' title="bbox 320 752 1482 836; baseline 0 -22"><span class='ocrx_word' id='word_1_24' title='bbox 320 753 398 815; x_wconf 92' lang='lat' dir='ltr'><strong>ltem</strong></span> <span class='ocrx_word' id='word_1_25' title='bbox 425 754 581 816; x_wconf 87' lang='lat' dir='ltr'><strong>Martinus</strong></span> <span class='ocrx_word' id='word_1_26' title='bbox 605 769 635 816; x_wconf 92' lang='lat' dir='ltr'><strong>et</strong></span> <span class='ocrx_word' id='word_1_27' title='bbox 660 754 802 817; x_wconf 90' lang='lat' dir='ltr'><strong>Stefania</strong></span> <span class='ocrx_word' id='word_1_28' title='bbox 833 768 943 817; x_wconf 90' lang='lat' dir='ltr'><strong>contra</strong></span> <span class='ocrx_word' id='word_1_29' title='bbox 976 754 1147 816; x_wconf 84' lang='lat' dir='ltr'>Nicolaum</span> <span class='ocrx_word' id='word_1_30' title='bbox 1176 754 1280 836; x_wconf 91' lang='lat' dir='ltr'><strong>primo</strong></span> <span class='ocrx_word' id='word_1_31' title='bbox 1305 752 1391 815; x_wconf 89' lang='lat' dir='ltr'><strong>citati</strong></span> <span class='ocrx_word' id='word_1_32' title='bbox 1416 772 1482 814; x_wconf 90' lang='lat' dir='ltr'><strong>non</strong></span> 
     </span>
     <span class='ocr_line' id='line_1_5' title="bbox 216 874 475 941; baseline 0.008 -21"><span class='ocrx_word' id='word_1_33' title='bbox 216 874 475 941; x_wconf 86' lang='lat' dir='ltr'><strong>comparuerunt.</strong></span> 
     </span>
    </p>

    <p class='ocr_par' dir='ltr' id='par_1_4' title="bbox 213 964 1481 1155">
     <span class='ocr_line' id='line_1_6' title="bbox 319 964 1481 1051; baseline -0.002 -23"><span class='ocrx_word' id='word_1_34' title='bbox 319 966 398 1028; x_wconf 86' lang='lat' dir='ltr'><strong>item</strong></span> <span class='ocrx_word' id='word_1_35' title='bbox 422 986 516 1028; x_wconf 90' lang='lat' dir='ltr'><strong>causa</strong></span> <span class='ocrx_word' id='word_1_36' title='bbox 545 966 724 1029; x_wconf 87' lang='lat' dir='ltr'><strong>Sebestiani</strong></span> <span class='ocrx_word' id='word_1_37' title='bbox 756 981 787 1028; x_wconf 87' lang='lat' dir='ltr'><strong>et</strong></span> <span class='ocrx_word' id='word_1_38' title='bbox 818 966 894 1028; x_wconf 88' lang='lat' dir='ltr'><strong>luan</strong></span> <span class='ocrx_word' id='word_1_39' title='bbox 919 981 966 1028; x_wconf 90' lang='lat' dir='ltr'><strong>est</strong></span> <span class='ocrx_word' id='word_1_40' title='bbox 996 986 1053 1051; x_wconf 90' lang='lat' dir='ltr'><strong>per</strong></span> <span class='ocrx_word' id='word_1_41' title='bbox 1077 965 1256 1028; x_wconf 89' lang='lat' dir='ltr'><strong>Francham</strong></span> <span class='ocrx_word' id='word_1_42' title='bbox 1280 964 1481 1027; x_wconf 79' lang='lat' dir='ltr'><strong>aurifabrum</strong></span> 
     </span>
     <span class='ocr_line' id='line_1_7' title="bbox 213 1070 805 1155; baseline 0.003 -23"><span class='ocrx_word' id='word_1_43' title='bbox 213 1070 254 1132; x_wconf 91' lang='lat' dir='ltr'><strong>ad</strong></span> <span class='ocrx_word' id='word_1_44' title='bbox 278 1085 351 1133; x_wconf 96' lang='lat' dir='ltr'><strong>octo</strong></span> <span class='ocrx_word' id='word_1_45' title='bbox 375 1071 444 1134; x_wconf 85' lang='lat' dir='ltr'><strong>dies</strong></span> <span class='ocrx_word' id='word_1_46' title='bbox 467 1085 593 1155; x_wconf 90' lang='lat' dir='ltr'><strong>recepta</strong></span> <span class='ocrx_word' id='word_1_47' title='bbox 618 1072 657 1133; x_wconf 94' lang='lat' dir='ltr'><strong>ad</strong></span> <span class='ocrx_word' id='word_1_48' title='bbox 683 1091 805 1155; x_wconf 84' lang='lat' dir='ltr'><strong>pacem.</strong></span> 
     </span>
    </p>

    <p class='ocr_par' dir='ltr' id='par_1_5' title="bbox 320 1176 1481 1260">
     <span class='ocr_line' id='line_1_8' title="bbox 320 1176 1481 1260; baseline 0.001 -22"><span class='ocrx_word' id='word_1_49' title='bbox 320 1177 397 1239; x_wconf 86' lang='lat' dir='ltr'>Item</span> <span class='ocrx_word' id='word_1_50' title='bbox 416 1178 486 1239; x_wconf 88' lang='lat' dir='ltr'><strong>Elia</strong></span> <span class='ocrx_word' id='word_1_51' title='bbox 504 1177 664 1241; x_wconf 82' lang='lat' dir='ltr'>aurifaber</span> <span class='ocrx_word' id='word_1_52' title='bbox 677 1191 788 1241; x_wconf 88' lang='lat' dir='ltr'><strong>contra</strong></span> <span class='ocrx_word' id='word_1_53' title='bbox 801 1179 942 1240; x_wconf 91' lang='lat' dir='ltr'><strong>Brumen</strong></span> <span class='ocrx_word' id='word_1_54' title='bbox 955 1179 1060 1260; x_wconf 92' lang='lat' dir='ltr'><strong>primo</strong></span> <span class='ocrx_word' id='word_1_55' title='bbox 1077 1179 1192 1241; x_wconf 88' lang='lat' dir='ltr'><strong>citatus</strong></span> <span class='ocrx_word' id='word_1_56' title='bbox 1206 1197 1272 1240; x_wconf 94' lang='lat' dir='ltr'><strong>non</strong></span> <span class='ocrx_word' id='word_1_57' title='bbox 1289 1176 1481 1259; x_wconf 81' lang='lat' dir='ltr'>comparuit.</span> 
     </span>
    </p>

    <p class='ocr_par' dir='ltr' id='par_1_6' title="bbox 215 1283 1482 1471">
     <span class='ocr_line' id='line_1_9' title="bbox 320 1283 1482 1366; baseline 0.001 -22"><span class='ocrx_word' id='word_1_58' title='bbox 320 1283 396 1345; x_wconf 88' lang='lat' dir='ltr'><strong>Item</strong></span> <span class='ocrx_word' id='word_1_59' title='bbox 428 1284 585 1346; x_wconf 86' lang='lat' dir='ltr'><strong>Martinus</strong></span> <span class='ocrx_word' id='word_1_60' title='bbox 616 1283 786 1366; x_wconf 88' lang='lat' dir='ltr'><strong>Zequirich</strong></span> <span class='ocrx_word' id='word_1_61' title='bbox 827 1298 937 1346; x_wconf 86' lang='lat' dir='ltr'><strong>contra</strong></span> <span class='ocrx_word' id='word_1_62' title='bbox 970 1283 1148 1365; x_wconf 82' lang='lat' dir='ltr'>Georgium</span> <span class='ocrx_word' id='word_1_63' title='bbox 1180 1296 1334 1346; x_wconf 83' lang='lat' dir='ltr'><strong>sartorem</strong></span> <span class='ocrx_word' id='word_1_64' title='bbox 1366 1296 1482 1345; x_wconf 89' lang='lat' dir='ltr'><strong>octavo</strong></span> 
     </span>
     <span class='ocr_line' id='line_1_10' title="bbox 215 1388 508 1471; baseline 0.01 -22"><span class='ocrx_word' id='word_1_65' title='bbox 215 1388 267 1450; x_wconf 90' lang='lat' dir='ltr'><strong>die</strong></span> <span class='ocrx_word' id='word_1_66' title='bbox 291 1389 508 1471; x_wconf 88' lang='lat' dir='ltr'><strong>respondebit.</strong></span> 
     </span>
    </p>

    <p class='ocr_par' dir='ltr' id='par_1_7' title="bbox 214 1495 1482 1683">
     <span class='ocr_line' id='line_1_11' title="bbox 319 1495 1482 1578; baseline -0.001 -22"><span class='ocrx_word' id='word_1_67' title='bbox 319 1495 397 1556; x_wconf 85' lang='lat' dir='ltr'>Item</span> <span class='ocrx_word' id='word_1_68' title='bbox 429 1496 538 1558; x_wconf 88' lang='lat' dir='ltr'><strong>relicta</strong></span> <span class='ocrx_word' id='word_1_69' title='bbox 569 1496 755 1558; x_wconf 90' lang='lat' dir='ltr'><strong>Peterkonis</strong></span> <span class='ocrx_word' id='word_1_70' title='bbox 793 1510 902 1559; x_wconf 90' lang='lat' dir='ltr'><strong>contra</strong></span> <span class='ocrx_word' id='word_1_71' title='bbox 932 1495 1111 1558; x_wconf 88' lang='lat' dir='ltr'><strong>Fraocham</strong></span> <span class='ocrx_word' id='word_1_72' title='bbox 1141 1496 1247 1578; x_wconf 92' lang='lat' dir='ltr'><strong>primo</strong></span> <span class='ocrx_word' id='word_1_73' title='bbox 1281 1495 1375 1557; x_wconf 91' lang='lat' dir='ltr'><strong>citata</strong></span> <span class='ocrx_word' id='word_1_74' title='bbox 1415 1513 1482 1556; x_wconf 92' lang='lat' dir='ltr'><strong>non</strong></span> 
     </span>
     <span class='ocr_line' id='line_1_12' title="bbox 214 1601 404 1683; baseline 0.011 -21"><span class='ocrx_word' id='word_1_75' title='bbox 214 1601 404 1683; x_wconf 84' lang='lat' dir='ltr'><strong>comparuit.</strong></span> 
     </span>
    </p>

    <p class='ocr_par' dir='ltr' id='par_1_8' title="bbox 321 1707 1482 1792">
     <span class='ocr_line' id='line_1_13' title="bbox 321 1707 1482 1792; baseline 0.003 -25"><span class='ocrx_word' id='word_1_76' title='bbox 321 1707 399 1770; x_wconf 85' lang='lat' dir='ltr'><strong>item</strong></span> <span class='ocrx_word' id='word_1_77' title='bbox 417 1707 606 1791; x_wconf 86' lang='lat' dir='ltr'><strong>Domyanus</strong></span> <span class='ocrx_word' id='word_1_78' title='bbox 618 1722 728 1771; x_wconf 90' lang='lat' dir='ltr'><strong>contra</strong></span> <span class='ocrx_word' id='word_1_79' title='bbox 742 1709 943 1771; x_wconf 82' lang='lat' dir='ltr'><strong>Anthonium</strong></span> <span class='ocrx_word' id='word_1_80' title='bbox 957 1709 1062 1792; x_wconf 88' lang='lat' dir='ltr'><strong>primo</strong></span> <span class='ocrx_word' id='word_1_81' title='bbox 1075 1709 1190 1770; x_wconf 87' lang='lat' dir='ltr'><strong>citatus</strong></span> <span class='ocrx_word' id='word_1_82' title='bbox 1205 1728 1271 1770; x_wconf 92' lang='lat' dir='ltr'><strong>non</strong></span> <span class='ocrx_word' id='word_1_83' title='bbox 1289 1707 1482 1792; x_wconf 88' lang='lat' dir='ltr'><strong>comparuit.</strong></span> 
     </span>
    </p>

    <p class='ocr_par' dir='ltr' id='par_1_9' title="bbox 214 1813 1481 2003">
     <span class='ocr_line' id='line_1_14' title="bbox 319 1813 1481 1896; baseline 0.002 -22"><span class='ocrx_word' id='word_1_84' title='bbox 319 1813 397 1875; x_wconf 89' lang='lat' dir='ltr'><strong>ltem</strong></span> <span class='ocrx_word' id='word_1_85' title='bbox 422 1815 531 1877; x_wconf 88' lang='lat' dir='ltr'><strong>relicta</strong></span> <span class='ocrx_word' id='word_1_86' title='bbox 556 1816 742 1878; x_wconf 87' lang='lat' dir='ltr'><strong>Peterkonis</strong></span> <span class='ocrx_word' id='word_1_87' title='bbox 766 1830 875 1878; x_wconf 90' lang='lat' dir='ltr'><strong>contra</strong></span> <span class='ocrx_word' id='word_1_88' title='bbox 900 1816 1102 1878; x_wconf 82' lang='lat' dir='ltr'><strong>Anthonium</strong></span> <span class='ocrx_word' id='word_1_89' title='bbox 1129 1815 1231 1877; x_wconf 88' lang='lat' dir='ltr'><strong>Reniz</strong></span> <span class='ocrx_word' id='word_1_90' title='bbox 1255 1815 1361 1896; x_wconf 93' lang='lat' dir='ltr'><strong>primo</strong></span> <span class='ocrx_word' id='word_1_91' title='bbox 1386 1814 1481 1876; x_wconf 89' lang='lat' dir='ltr'><strong>citata</strong></span> 
     </span>
     <span class='ocr_line' id='line_1_15' title="bbox 214 1921 494 2003; baseline 0.007 -23"><span class='ocrx_word' id='word_1_92' title='bbox 214 1939 278 1982; x_wconf 89' lang='lat' dir='ltr'><strong>non</strong></span> <span class='ocrx_word' id='word_1_93' title='bbox 304 1921 494 2003; x_wconf 90' lang='lat' dir='ltr'><strong>comparuit.</strong></span> 
     </span>
    </p>

    <p class='ocr_par' dir='ltr' id='par_1_10' title="bbox 212 2025 1481 2301">
     <span class='ocr_line' id='line_1_16' title="bbox 320 2025 1481 2090; baseline 0.001 -4"><span class='ocrx_word' id='word_1_94' title='bbox 320 2026 397 2087; x_wconf 87' lang='lat' dir='ltr'><strong>item</strong></span> <span class='ocrx_word' id='word_1_95' title='bbox 407 2025 568 2090; x_wconf 90' lang='lat' dir='ltr'><strong>Johannes</strong></span> <span class='ocrx_word' id='word_1_96' title='bbox 581 2047 653 2090; x_wconf 92' lang='lat' dir='ltr'><strong>cum</strong></span> <span class='ocrx_word' id='word_1_97' title='bbox 663 2048 762 2090; x_wconf 83' lang='lat' dir='ltr'><strong>uxore</strong></span> <span class='ocrx_word' id='word_1_98' title='bbox 772 2049 828 2090; x_wconf 90' lang='lat' dir='ltr'><strong>sua</strong></span> <span class='ocrx_word' id='word_1_99' title='bbox 838 2029 1028 2090; x_wconf 76' lang='lat' dir='ltr'><strong>Sebastiano</strong></span> <span class='ocrx_word' id='word_1_100' title='bbox 1042 2041 1152 2090; x_wconf 89' lang='lat' dir='ltr'><strong>nostro</strong></span> <span class='ocrx_word' id='word_1_101' title='bbox 1162 2027 1287 2090; x_wconf 89' lang='lat' dir='ltr'><strong>concivi</strong></span> <span class='ocrx_word' id='word_1_102' title='bbox 1296 2041 1327 2089; x_wconf 92' lang='lat' dir='ltr'><strong>et</strong></span> <span class='ocrx_word' id='word_1_103' title='bbox 1340 2026 1481 2088; x_wconf 91' lang='lat' dir='ltr'><strong>condam</strong></span> 
     </span>
     <span class='ocr_line' id='line_1_17' title="bbox 212 2131 1480 2213; baseline 0.002 -21"><span class='ocrx_word' id='word_1_104' title='bbox 212 2131 310 2213; x_wconf 87' lang='lat' dir='ltr'><strong>judici</strong></span> <span class='ocrx_word' id='word_1_105' title='bbox 338 2152 411 2194; x_wconf 90' lang='lat' dir='ltr'><strong>curn</strong></span> <span class='ocrx_word' id='word_1_106' title='bbox 448 2153 533 2197; x_wconf 91' lang='lat' dir='ltr'><strong>novo</strong></span> <span class='ocrx_word' id='word_1_107' title='bbox 561 2135 637 2198; x_wconf 87' lang='lat' dir='ltr'><strong>vino</strong></span> <span class='ocrx_word' id='word_1_108' title='bbox 664 2149 727 2198; x_wconf 89' lang='lat' dir='ltr'><strong>tres</strong></span> <span class='ocrx_word' id='word_1_109' title='bbox 758 2135 826 2200; x_wconf 89' lang='lat' dir='ltr'><strong>flor.</strong></span> <span class='ocrx_word' id='word_1_110' title='bbox 858 2136 982 2198; x_wconf 89' lang='lat' dir='ltr'><strong>solvere</strong></span> <span class='ocrx_word' id='word_1_111' title='bbox 1007 2136 1125 2198; x_wconf 90' lang='lat' dir='ltr'><strong>debent</strong></span> <span class='ocrx_word' id='word_1_112' title='bbox 1148 2149 1219 2196; x_wconf 90' lang='lat' dir='ltr'><strong>ante</strong></span> <span class='ocrx_word' id='word_1_113' title='bbox 1253 2152 1328 2195; x_wconf 92' lang='lat' dir='ltr'><strong>suos</strong></span> <span class='ocrx_word' id='word_1_114' title='bbox 1363 2152 1480 2194; x_wconf 91' lang='lat' dir='ltr'><strong>omnes</strong></span> 
     </span>
     <span class='ocr_line' id='line_1_18' title="bbox 213 2238 396 2301; baseline 0.011 -2"><span class='ocrx_word' id='word_1_115' title='bbox 213 2238 396 2301; x_wconf 83' lang='lat' dir='ltr'><strong>creditores.</strong></span> 
     </span>
    </p>

    <p class='ocr_par' dir='ltr' id='par_1_11' title="bbox 213 2343 1480 2620">
     <span class='ocr_line' id='line_1_19' title="bbox 318 2343 1480 2428; baseline -0.001 -23"><span class='ocrx_word' id='word_1_116' title='bbox 318 2344 395 2407; x_wconf 87' lang='lat' dir='ltr'><strong>Item</strong></span> <span class='ocrx_word' id='word_1_117' title='bbox 419 2346 581 2409; x_wconf 90' lang='lat' dir='ltr'><strong>Johannes</strong></span> <span class='ocrx_word' id='word_1_118' title='bbox 604 2361 714 2409; x_wconf 92' lang='lat' dir='ltr'><strong>contra</strong></span> <span class='ocrx_word' id='word_1_119' title='bbox 735 2347 874 2428; x_wconf 85' lang='lat' dir='ltr'><strong>judicem</strong></span> <span class='ocrx_word' id='word_1_120' title='bbox 893 2348 1107 2410; x_wconf 91' lang='lat' dir='ltr'><strong>Jacomellum</strong></span> <span class='ocrx_word' id='word_1_121' title='bbox 1128 2361 1175 2409; x_wconf 92' lang='lat' dir='ltr'><strong>est</strong></span> <span class='ocrx_word' id='word_1_122' title='bbox 1198 2347 1231 2407; x_wconf 90' lang='lat' dir='ltr'><strong>in</strong></span> <span class='ocrx_word' id='word_1_123' title='bbox 1255 2344 1344 2407; x_wconf 86' lang='lat' dir='ltr'><strong>XXV</strong></span> <span class='ocrx_word' id='word_1_124' title='bbox 1361 2343 1480 2406; x_wconf 90' lang='lat' dir='ltr'><strong>marcis</strong></span> 
     </span>
     <span class='ocr_line' id='line_1_20' title="bbox 213 2448 1479 2536; baseline 0.002 -26"><span class='ocrx_word' id='word_1_125' title='bbox 213 2449 377 2512; x_wconf 89' lang='lat' dir='ltr'><strong>convictus</strong></span> <span class='ocrx_word' id='word_1_126' title='bbox 395 2452 425 2513; x_wconf 91' lang='lat' dir='ltr'><strong>in</strong></span> <span class='ocrx_word' id='word_1_127' title='bbox 445 2472 495 2530; x_wconf 88' lang='lat' dir='ltr'><strong>eo,</strong></span> <span class='ocrx_word' id='word_1_128' title='bbox 516 2453 604 2535; x_wconf 91' lang='lat' dir='ltr'><strong>quod</strong></span> <span class='ocrx_word' id='word_1_129' title='bbox 624 2454 729 2536; x_wconf 89' lang='lat' dir='ltr'><strong>ipsum</strong></span> <span class='ocrx_word' id='word_1_130' title='bbox 753 2454 856 2516; x_wconf 90' lang='lat' dir='ltr'><strong>noctis</strong></span> <span class='ocrx_word' id='word_1_131' title='bbox 880 2455 913 2515; x_wconf 89' lang='lat' dir='ltr'><strong>in</strong></span> <span class='ocrx_word' id='word_1_132' title='bbox 934 2455 1068 2517; x_wconf 84' lang='lat' dir='ltr'><strong>silencio</strong></span> <span class='ocrx_word' id='word_1_133' title='bbox 1089 2473 1163 2516; x_wconf 93' lang='lat' dir='ltr'><strong>cum</strong></span> <span class='ocrx_word' id='word_1_134' title='bbox 1178 2451 1280 2514; x_wconf 89' lang='lat' dir='ltr'><strong>securi</strong></span> <span class='ocrx_word' id='word_1_135' title='bbox 1298 2448 1479 2513; x_wconf 89' lang='lat' dir='ltr'><strong>interficere</strong></span> 
     </span>
     <span class='ocr_line' id='line_1_21' title="bbox 213 2555 378 2620; baseline 0.03 -5"><span class='ocrx_word' id='word_1_136' title='bbox 213 2555 378 2620; x_wconf 87' lang='lat' dir='ltr'><strong>voluisset.</strong></span> 
     </span>
    </p>

    <p class='ocr_par' dir='ltr' id='par_1_12' title="bbox 213 2661 1480 2855">
     <span class='ocr_line' id='line_1_22' title="bbox 318 2661 1480 2750; baseline 0.002 -27"><span class='ocrx_word' id='word_1_137' title='bbox 318 2661 397 2724; x_wconf 89' lang='lat' dir='ltr'><strong>ftem</strong></span> <span class='ocrx_word' id='word_1_138' title='bbox 422 2663 517 2726; x_wconf 91' lang='lat' dir='ltr'><strong>Clara</strong></span> <span class='ocrx_word' id='word_1_139' title='bbox 549 2664 627 2728; x_wconf 88' lang='lat' dir='ltr'><strong>feria</strong></span> <span class='ocrx_word' id='word_1_140' title='bbox 657 2667 755 2729; x_wconf 90' lang='lat' dir='ltr'><strong>tercia</strong></span> <span class='ocrx_word' id='word_1_141' title='bbox 786 2668 929 2750; x_wconf 82' lang='lat' dir='ltr'><strong>proxime</strong></span> <span class='ocrx_word' id='word_1_142' title='bbox 962 2682 1095 2731; x_wconf 87' lang='lat' dir='ltr'><strong>ventura</strong></span> <span class='ocrx_word' id='word_1_143' title='bbox 1127 2667 1267 2746; x_wconf 89' lang='lat' dir='ltr'><strong>Thome,</strong></span> <span class='ocrx_word' id='word_1_144' title='bbox 1296 2665 1351 2747; x_wconf 93' lang='lat' dir='ltr'><strong>qui</strong></span> <span class='ocrx_word' id='word_1_145' title='bbox 1375 2665 1480 2748; x_wconf 84' lang='lat' dir='ltr'><strong>ipsam</strong></span> 
     </span>
     <span class='ocr_line' id='line_1_23' title="bbox 213 2765 1041 2855; baseline 0.016 -30"><span class='ocrx_word' id='word_1_146' title='bbox 213 2765 354 2846; x_wconf 87' lang='lat' dir='ltr'><strong>violavit,</strong></span> <span class='ocrx_word' id='word_1_147' title='bbox 378 2769 494 2851; x_wconf 88' lang='lat' dir='ltr'><strong>pedem</strong></span> <span class='ocrx_word' id='word_1_148' title='bbox 518 2773 697 2854; x_wconf 88' lang='lat' dir='ltr'><strong>amputabit</strong></span> <span class='ocrx_word' id='word_1_149' title='bbox 720 2793 776 2855; x_wconf 88' lang='lat' dir='ltr'><strong>per</strong></span> <span class='ocrx_word' id='word_1_150' title='bbox 798 2793 831 2836; x_wconf 88' lang='lat' dir='ltr'><strong>se</strong></span> <span class='ocrx_word' id='word_1_151' title='bbox 856 2774 907 2837; x_wconf 87' lang='lat' dir='ltr'><strong>vel</strong></span> <span class='ocrx_word' id='word_1_152' title='bbox 930 2775 1041 2838; x_wconf 91' lang='lat' dir='ltr'><strong>aliurn.</strong></span> 
     </span>
    </p>

    <p class='ocr_par' dir='ltr' id='par_1_13' title="bbox 214 2872 1479 3064">
     <span class='ocr_line' id='line_1_24' title="bbox 318 2872 1479 2964; baseline 0.006 -30"><span class='ocrx_word' id='word_1_153' title='bbox 318 2872 395 2936; x_wconf 88' lang='lat' dir='ltr'><strong>Item</strong></span> <span class='ocrx_word' id='word_1_154' title='bbox 419 2875 497 2936; x_wconf 90' lang='lat' dir='ltr'><strong>Iuan</strong></span> <span class='ocrx_word' id='word_1_155' title='bbox 521 2892 635 2939; x_wconf 86' lang='lat' dir='ltr'><strong>octavo</strong></span> <span class='ocrx_word' id='word_1_156' title='bbox 652 2878 703 2940; x_wconf 92' lang='lat' dir='ltr'><strong>die</strong></span> <span class='ocrx_word' id='word_1_157' title='bbox 730 2879 952 2943; x_wconf 87' lang='lat' dir='ltr'><strong>Sebestianum</strong></span> <span class='ocrx_word' id='word_1_158' title='bbox 969 2895 1099 2963; x_wconf 91' lang='lat' dir='ltr'><strong>propter</strong></span> <span class='ocrx_word' id='word_1_159' title='bbox 1116 2880 1274 2964; x_wconf 85' lang='lat' dir='ltr'><strong>vituperia</strong></span> <span class='ocrx_word' id='word_1_160' title='bbox 1298 2879 1396 2941; x_wconf 89' lang='lat' dir='ltr'><strong>debet</strong></span> <span class='ocrx_word' id='word_1_161' title='bbox 1410 2879 1479 2961; x_wconf 90' lang='lat' dir='ltr'><strong>pfa-</strong></span> 
     </span>
     <span class='ocr_line' id='line_1_25' title="bbox 214 2979 1039 3064; baseline 0.016 -27"><span class='ocrx_word' id='word_1_162' title='bbox 214 2995 295 3055; x_wconf 87' lang='lat' dir='ltr'><strong>care,</strong></span> <span class='ocrx_word' id='word_1_163' title='bbox 320 2979 465 3062; x_wconf 87' lang='lat' dir='ltr'><strong>alioquin</strong></span> <span class='ocrx_word' id='word_1_164' title='bbox 489 2981 646 3064; x_wconf 87' lang='lat' dir='ltr'><strong>justiciam</strong></span> <span class='ocrx_word' id='word_1_165' title='bbox 671 2984 826 3048; x_wconf 88' lang='lat' dir='ltr'><strong>faciemus</strong></span> <span class='ocrx_word' id='word_1_166' title='bbox 849 2987 889 3049; x_wconf 90' lang='lat' dir='ltr'><strong>de</strong></span> <span class='ocrx_word' id='word_1_167' title='bbox 913 2987 1039 3050; x_wconf 90' lang='lat' dir='ltr'><strong>eodem.</strong></span> 
     </span>
    </p>

    <p class='ocr_par' dir='ltr' id='par_1_14' title="bbox 213 3084 1479 3283">
     <span class='ocr_line' id='line_1_26' title="bbox 319 3084 1479 3156; baseline 0.009 -11"><span class='ocrx_word' id='word_1_168' title='bbox 319 3084 398 3146; x_wconf 89' lang='lat' dir='ltr'><strong>Item</strong></span> <span class='ocrx_word' id='word_1_169' title='bbox 422 3087 499 3149; x_wconf 89' lang='lat' dir='ltr'><strong>luan</strong></span> <span class='ocrx_word' id='word_1_170' title='bbox 523 3104 637 3153; x_wconf 85' lang='lat' dir='ltr'><strong>octavo</strong></span> <span class='ocrx_word' id='word_1_171' title='bbox 661 3091 713 3154; x_wconf 90' lang='lat' dir='ltr'><strong>die</strong></span> <span class='ocrx_word' id='word_1_172' title='bbox 738 3107 847 3155; x_wconf 91' lang='lat' dir='ltr'><strong>contra</strong></span> <span class='ocrx_word' id='word_1_173' title='bbox 871 3093 1014 3156; x_wconf 87' lang='lat' dir='ltr'><strong>relictam</strong></span> <span class='ocrx_word' id='word_1_174' title='bbox 1046 3093 1171 3156; x_wconf 89' lang='lat' dir='ltr'><strong>Nicofai</strong></span> <span class='ocrx_word' id='word_1_175' title='bbox 1197 3090 1348 3155; x_wconf 79' lang='lat' dir='ltr'><strong>aurifabri</strong></span> <span class='ocrx_word' id='word_1_176' title='bbox 1372 3111 1406 3153; x_wconf 89' lang='lat' dir='ltr'><strong>se</strong></span> <span class='ocrx_word' id='word_1_177' title='bbox 1430 3113 1479 3156; x_wconf 89' lang='lat' dir='ltr'><strong>se·</strong></span> 
     </span>
     <span class='ocr_line' id='line_1_27' title="bbox 213 3192 1478 3283; baseline 0.006 -30"><span class='ocrx_word' id='word_1_178' title='bbox 213 3192 337 3256; x_wconf 92' lang='lat' dir='ltr'><strong>cundus</strong></span> <span class='ocrx_word' id='word_1_179' title='bbox 361 3193 478 3275; x_wconf 80' lang='lat' dir='ltr'><strong>jurabit</strong></span> <span class='ocrx_word' id='word_1_180' title='bbox 501 3215 595 3278; x_wconf 88' lang='lat' dir='ltr'><strong>super</strong></span> <span class='ocrx_word' id='word_1_181' title='bbox 619 3216 658 3259; x_wconf 95' lang='lat' dir='ltr'><strong>eo</strong></span> <span class='ocrx_word' id='word_1_182' title='bbox 675 3199 774 3261; x_wconf 90' lang='lat' dir='ltr'><strong>semel</strong></span> <span class='ocrx_word' id='word_1_183' title='bbox 791 3213 822 3262; x_wconf 90' lang='lat' dir='ltr'><strong>et</strong></span> <span class='ocrx_word' id='word_1_184' title='bbox 838 3200 980 3262; x_wconf 90' lang='lat' dir='ltr'><strong>secundo</strong></span> <span class='ocrx_word' id='word_1_185' title='bbox 1005 3213 1135 3283; x_wconf 90' lang='lat' dir='ltr'><strong>propter</strong></span> <span class='ocrx_word' id='word_1_186' title='bbox 1151 3198 1318 3281; x_wconf 91' lang='lat' dir='ltr'><strong>quoddam</strong></span> <span class='ocrx_word' id='word_1_187' title='bbox 1344 3198 1478 3261; x_wconf 90' lang='lat' dir='ltr'><strong>monile.</strong></span> 
     </span>
    </p>

    <p class='ocr_par' dir='ltr' id='par_1_15' title="bbox 212 3300 1479 3577">
     <span class='ocr_line' id='line_1_28' title="bbox 318 3300 1478 3388; baseline 0.004 -27"><span class='ocrx_word' id='word_1_188' title='bbox 318 3301 396 3363; x_wconf 85' lang='lat' dir='ltr'><strong>item</strong></span> <span class='ocrx_word' id='word_1_189' title='bbox 420 3300 571 3384; x_wconf 84' lang='lat' dir='ltr'><strong>Mychael</strong></span> <span class='ocrx_word' id='word_1_190' title='bbox 595 3303 715 3385; x_wconf 89' lang='lat' dir='ltr'><strong>juratus</strong></span> <span class='ocrx_word' id='word_1_191' title='bbox 738 3305 855 3384; x_wconf 71' lang='lat' dir='ltr'><strong>[contra</strong></span> <span class='ocrx_word' id='word_1_192' title='bbox 887 3308 1067 3370; x_wconf 91' lang='lat' dir='ltr'><strong>Johannem</strong></span> <span class='ocrx_word' id='word_1_193' title='bbox 1101 3307 1197 3369; x_wconf 91' lang='lat' dir='ltr'><strong>Liber</strong></span> <span class='ocrx_word' id='word_1_194' title='bbox 1220 3326 1278 3388; x_wconf 93' lang='lat' dir='ltr'><strong>per</strong></span> <span class='ocrx_word' id='word_1_195' title='bbox 1301 3305 1478 3367; x_wconf 88' lang='lat' dir='ltr'><strong>Martinum</strong></span> 
     </span>
     <span class='ocr_line' id='line_1_29' title="bbox 212 3404 1479 3496; baseline 0.004 -30"><span class='ocrx_word' id='word_1_196' title='bbox 212 3417 245 3466; x_wconf 92' lang='lat' dir='ltr'><strong>et</strong></span> <span class='ocrx_word' id='word_1_197' title='bbox 268 3404 467 3488; x_wconf 89' lang='lat' dir='ltr'><strong>Stephanum</strong></span> <span class='ocrx_word' id='word_1_198' title='bbox 492 3407 617 3471; x_wconf 82' lang='lat' dir='ltr'><strong>fabrum</strong></span> <span class='ocrx_word' id='word_1_199' title='bbox 638 3412 859 3475; x_wconf 90' lang='lat' dir='ltr'><strong>testimonium</strong></span> <span class='ocrx_word' id='word_1_200' title='bbox 884 3413 1050 3496; x_wconf 91' lang='lat' dir='ltr'><strong>producet,</strong></span> <span class='ocrx_word' id='word_1_201' title='bbox 1082 3413 1171 3495; x_wconf 90' lang='lat' dir='ltr'><strong>quod</strong></span> <span class='ocrx_word' id='word_1_202' title='bbox 1195 3413 1255 3474; x_wconf 89' lang='lat' dir='ltr'><strong>sibi</strong></span> <span class='ocrx_word' id='word_1_203' title='bbox 1282 3412 1314 3472; x_wconf 94' lang='lat' dir='ltr'><strong>in</strong></span> <span class='ocrx_word' id='word_1_204' title='bbox 1338 3423 1479 3492; x_wconf 90' lang='lat' dir='ltr'><strong>quatuor</strong></span> 
     </span>
     <span class='ocr_line' id='line_1_30' title="bbox 213 3510 478 3577; baseline 0.015 -5"><span class='ocrx_word' id='word_1_205' title='bbox 213 3510 280 3576; x_wconf 92' lang='lat' dir='ltr'><strong>flor.</strong></span> <span class='ocrx_word' id='word_1_206' title='bbox 308 3526 478 3577; x_wconf 89' lang='lat' dir='ltr'><strong>teneretur.</strong></span> 
     </span>
    </p>

    <p class='ocr_par' dir='ltr' id='par_1_16' title="bbox 212 3618 1478 3814">
     <span class='ocr_line' id='line_1_31' title="bbox 317 3618 1478 3709; baseline 0.005 -31"><span class='ocrx_word' id='word_1_207' title='bbox 317 3618 395 3680; x_wconf 88' lang='lat' dir='ltr'><strong>Item</strong></span> <span class='ocrx_word' id='word_1_208' title='bbox 426 3620 631 3685; x_wconf 88' lang='lat' dir='ltr'><strong>Sebestianus</strong></span> <span class='ocrx_word' id='word_1_209' title='bbox 662 3639 777 3687; x_wconf 88' lang='lat' dir='ltr'><strong>octavo</strong></span> <span class='ocrx_word' id='word_1_210' title='bbox 808 3626 859 3687; x_wconf 90' lang='lat' dir='ltr'><strong>die</strong></span> <span class='ocrx_word' id='word_1_211' title='bbox 890 3640 1000 3689; x_wconf 89' lang='lat' dir='ltr'><strong>contra</strong></span> <span class='ocrx_word' id='word_1_212' title='bbox 1032 3626 1108 3687; x_wconf 93' lang='lat' dir='ltr'><strong>luan</strong></span> <span class='ocrx_word' id='word_1_213' title='bbox 1134 3645 1190 3709; x_wconf 88' lang='lat' dir='ltr'><strong>per</strong></span> <span class='ocrx_word' id='word_1_214' title='bbox 1220 3623 1414 3688; x_wconf 87' lang='lat' dir='ltr'><strong>Mauricium</strong></span> <span class='ocrx_word' id='word_1_215' title='bbox 1446 3637 1478 3684; x_wconf 89' lang='lat' dir='ltr'><strong>et</strong></span> 
     </span>
     <span class='ocr_line' id='line_1_32' title="bbox 212 3723 1316 3814; baseline 0.008 -31"><span class='ocrx_word' id='word_1_216' title='bbox 212 3723 302 3785; x_wconf 87' lang='lat' dir='ltr'><strong>Mark</strong></span> <span class='ocrx_word' id='word_1_217' title='bbox 322 3725 478 3806; x_wconf 90' lang='lat' dir='ltr'><strong>producet</strong></span> <span class='ocrx_word' id='word_1_218' title='bbox 494 3728 724 3809; x_wconf 86' lang='lat' dir='ltr'><strong>testimonium,</strong></span> <span class='ocrx_word' id='word_1_219' title='bbox 748 3745 783 3793; x_wconf 95' lang='lat' dir='ltr'><strong>ut</strong></span> <span class='ocrx_word' id='word_1_220' title='bbox 806 3732 911 3814; x_wconf 87' lang='lat' dir='ltr'><strong>ipsum</strong></span> <span class='ocrx_word' id='word_1_221' title='bbox 935 3752 952 3794; x_wconf 90' lang='lat' dir='ltr'><strong>a</strong></span> <span class='ocrx_word' id='word_1_222' title='bbox 977 3753 1010 3794; x_wconf 89' lang='lat' dir='ltr'><strong>se</strong></span> <span class='ocrx_word' id='word_1_223' title='bbox 1035 3751 1101 3793; x_wconf 96' lang='lat' dir='ltr'><strong>non</strong></span> <span class='ocrx_word' id='word_1_224' title='bbox 1125 3731 1316 3814; x_wconf 88' lang='lat' dir='ltr'><strong>repullisset.</strong></span> 
     </span>
    </p>

    <p class='ocr_par' dir='ltr' id='par_1_17' title="bbox 210 3830 1478 4235">
     <span class='ocr_line' id='line_1_33' title="bbox 318 3830 1478 3921; baseline 0.007 -30"><span class='ocrx_word' id='word_1_225' title='bbox 318 3830 395 3892; x_wconf 93' lang='lat' dir='ltr'><strong>ltem</strong></span> <span class='ocrx_word' id='word_1_226' title='bbox 431 3832 542 3895; x_wconf 87' lang='lat' dir='ltr'><strong>Petrus</strong></span> <span class='ocrx_word' id='word_1_227' title='bbox 576 3833 661 3896; x_wconf 88' lang='lat' dir='ltr'><strong>filius</strong></span> <span class='ocrx_word' id='word_1_228' title='bbox 696 3836 818 3899; x_wconf 85' lang='lat' dir='ltr'><strong>Hrethk</strong></span> <span class='ocrx_word' id='word_1_229' title='bbox 852 3835 930 3900; x_wconf 90' lang='lat' dir='ltr'><strong>feria</strong></span> <span class='ocrx_word' id='word_1_230' title='bbox 966 3852 1051 3900; x_wconf 83' lang='lat' dir='ltr'><strong>serta</strong></span> <span class='ocrx_word' id='word_1_231' title='bbox 1083 3838 1228 3921; x_wconf 84' lang='lat' dir='ltr'><strong>proxima</strong></span> <span class='ocrx_word' id='word_1_232' title='bbox 1260 3849 1332 3918; x_wconf 87' lang='lat' dir='ltr'><strong>post</strong></span> <span class='ocrx_word' id='word_1_233' title='bbox 1356 3835 1478 3899; x_wconf 88' lang='lat' dir='ltr'><strong>Pascha</strong></span> 
     </span>
     <span class='ocr_line' id='line_1_34' title="bbox 212 3932 1477 4025; baseline 0.009 -31"><span class='ocrx_word' id='word_1_234' title='bbox 212 3932 307 3996; x_wconf 90' lang='lat' dir='ltr'><strong>debet</strong></span> <span class='ocrx_word' id='word_1_235' title='bbox 332 3936 439 3997; x_wconf 90' lang='lat' dir='ltr'><strong>venire</strong></span> <span class='ocrx_word' id='word_1_236' title='bbox 463 3951 494 4000; x_wconf 88' lang='lat' dir='ltr'><strong>et</strong></span> <span class='ocrx_word' id='word_1_237' title='bbox 517 3939 606 4002; x_wconf 85' lang='lat' dir='ltr'><strong>XXV</strong></span> <span class='ocrx_word' id='word_1_238' title='bbox 630 3943 776 4024; x_wconf 90' lang='lat' dir='ltr'><strong>personis</strong></span> <span class='ocrx_word' id='word_1_239' title='bbox 799 3942 1015 4024; x_wconf 87' lang='lat' dir='ltr'><strong>juramentum</strong></span> <span class='ocrx_word' id='word_1_240' title='bbox 1040 3943 1202 4025; x_wconf 88' lang='lat' dir='ltr'><strong>deponere</strong></span> <span class='ocrx_word' id='word_1_241' title='bbox 1226 3941 1315 4025; x_wconf 93' lang='lat' dir='ltr'><strong>quod</strong></span> <span class='ocrx_word' id='word_1_242' title='bbox 1339 3941 1372 4003; x_wconf 91' lang='lat' dir='ltr'><strong>in</strong></span> <span class='ocrx_word' id='word_1_243' title='bbox 1389 3940 1477 4005; x_wconf 92' lang='lat' dir='ltr'><strong>furtu</strong></span> 
     </span>
     <span class='ocr_line' id='line_1_35' title="bbox 210 4040 1478 4132; baseline 0.007 -32"><span class='ocrx_word' id='word_1_244' title='bbox 210 4040 361 4103; x_wconf 90' lang='lat' dir='ltr'><strong>stacionis</strong></span> <span class='ocrx_word' id='word_1_245' title='bbox 385 4042 503 4106; x_wconf 91' lang='lat' dir='ltr'><strong>Donati</strong></span> <span class='ocrx_word' id='word_1_246' title='bbox 527 4048 625 4108; x_wconf 89' lang='lat' dir='ltr'><strong>nostri</strong></span> <span class='ocrx_word' id='word_1_247' title='bbox 650 4050 792 4112; x_wconf 84' lang='lat' dir='ltr'><strong>concivis</strong></span> <span class='ocrx_word' id='word_1_248' title='bbox 816 4063 847 4112; x_wconf 93' lang='lat' dir='ltr'><strong>et</strong></span> <span class='ocrx_word' id='word_1_249' title='bbox 874 4050 1011 4112; x_wconf 89' lang='lat' dir='ltr'><strong>condam</strong></span> <span class='ocrx_word' id='word_1_250' title='bbox 1043 4049 1136 4132; x_wconf 90' lang='lat' dir='ltr'><strong>jurati</strong></span> <span class='ocrx_word' id='word_1_251' title='bbox 1161 4049 1315 4111; x_wconf 87' lang='lat' dir='ltr'><strong>innocens</strong></span> <span class='ocrx_word' id='word_1_252' title='bbox 1340 4061 1422 4110; x_wconf 88' lang='lat' dir='ltr'><strong>esset</strong></span> <span class='ocrx_word' id='word_1_253' title='bbox 1446 4063 1478 4110; x_wconf 90' lang='lat' dir='ltr'><strong>et</strong></span> 
     </span>
     <span class='ocr_line' id='line_1_36' title="bbox 211 4145 796 4235; baseline 0.021 -28"><span class='ocrx_word' id='word_1_254' title='bbox 211 4145 365 4210; x_wconf 88' lang='lat' dir='ltr'><strong>immunis</strong></span> <span class='ocrx_word' id='word_1_255' title='bbox 387 4150 514 4232; x_wconf 88' lang='lat' dir='ltr'><strong>penitus</strong></span> <span class='ocrx_word' id='word_1_256' title='bbox 538 4165 571 4215; x_wconf 90' lang='lat' dir='ltr'><strong>et</strong></span> <span class='ocrx_word' id='word_1_257' title='bbox 592 4173 649 4235; x_wconf 92' lang='lat' dir='ltr'><strong>per</strong></span> <span class='ocrx_word' id='word_1_258' title='bbox 676 4157 796 4220; x_wconf 90' lang='lat' dir='ltr'><strong>omnia.</strong></span> 
     </span>
    </p>
   </div>
   <div class='ocr_carea' id='block_1_2' title="bbox 263 4363 1421 4611">
    <p class='ocr_par' dir='ltr' id='par_1_18' title="bbox 263 4363 1421 4611">
     <span class='ocr_line' id='line_1_37' title="bbox 263 4363 1421 4462; baseline 0.01 -25"><span class='ocrx_word' id='word_1_259' title='bbox 263 4363 361 4440; x_wconf 74' lang='lat' dir='ltr'><strong>feria</strong></span> <span class='ocrx_word' id='word_1_260' title='bbox 389 4372 495 4443; x_wconf 86' lang='lat' dir='ltr'><strong>tercia</strong></span> <span class='ocrx_word' id='word_1_261' title='bbox 523 4378 677 4462; x_wconf 84' lang='lat' dir='ltr'><strong>proxima</strong></span> <span class='ocrx_word' id='word_1_262' title='bbox 706 4386 783 4451; x_wconf 81' lang='lat' dir='ltr'><strong>ante</strong></span> <span class='ocrx_word' id='word_1_263' title='bbox 810 4379 933 4451; x_wconf 87' lang='lat' dir='ltr'><strong>festum</strong></span> <span class='ocrx_word' id='word_1_264' title='bbox 961 4381 1050 4452; x_wconf 86' lang='lat' dir='ltr'><strong>beati</strong></span> <span class='ocrx_word' id='word_1_265' title='bbox 1079 4379 1246 4452; x_wconf 82' lang='lat' dir='ltr'><strong>Benedicti</strong></span> <span class='ocrx_word' id='word_1_266' title='bbox 1276 4377 1421 4450; x_wconf 82' lang='lat' dir='ltr'><strong>abbatis.</strong></span> 
     </span>
     <span class='ocr_line' id='line_1_38' title="bbox 736 4531 947 4611; baseline 0.024 -22"><span class='ocrx_word' id='word_1_267' title='bbox 736 4531 801 4603; x_wconf 89' lang='lat'><strong>(20.</strong></span> <span class='ocrx_word' id='word_1_268' title='bbox 825 4533 947 4611; x_wconf 66' lang='lat' dir='ltr'><strong>martit).</strong></span> 
     </span>
    </p>
   </div>
   <div class='ocr_carea' id='block_1_3' title="bbox 211 4667 1474 4861">
    <p class='ocr_par' dir='ltr' id='par_1_19' title="bbox 211 4667 1474 4861">
     <span class='ocr_line' id='line_1_39' title="bbox 317 4667 1474 4754; baseline 0.008 -26"><span class='ocrx_word' id='word_1_269' title='bbox 317 4667 426 4730; x_wconf 91' lang='lat' dir='ltr'><strong>Primo</strong></span> <span class='ocrx_word' id='word_1_270' title='bbox 450 4688 544 4730; x_wconf 91' lang='lat' dir='ltr'><strong>causa</strong></span> <span class='ocrx_word' id='word_1_271' title='bbox 568 4669 670 4749; x_wconf 87' lang='lat' dir='ltr'><strong>Pauli,</strong></span> <span class='ocrx_word' id='word_1_272' title='bbox 694 4670 770 4732; x_wconf 87' lang='lat' dir='ltr'><strong>luan</strong></span> <span class='ocrx_word' id='word_1_273' title='bbox 795 4685 826 4733; x_wconf 95' lang='lat' dir='ltr'><strong>et</strong></span> <span class='ocrx_word' id='word_1_274' title='bbox 849 4671 897 4732; x_wconf 88' lang='lat' dir='ltr'><strong>sui</strong></span> <span class='ocrx_word' id='word_1_275' title='bbox 925 4671 983 4734; x_wconf 86' lang='lat' dir='ltr'><strong>filii</strong></span> <span class='ocrx_word' id='word_1_276' title='bbox 1007 4684 1054 4734; x_wconf 93' lang='lat' dir='ltr'><strong>est</strong></span> <span class='ocrx_word' id='word_1_277' title='bbox 1084 4691 1141 4754; x_wconf 90' lang='lat' dir='ltr'><strong>per</strong></span> <span class='ocrx_word' id='word_1_278' title='bbox 1165 4671 1364 4754; x_wconf 89' lang='lat' dir='ltr'><strong>Stephanum</strong></span> <span class='ocrx_word' id='word_1_279' title='bbox 1389 4676 1474 4737; x_wconf 92' lang='lat' dir='ltr'><strong>auri·</strong></span> 
     </span>
     <span class='ocr_line' id='line_1_40' title="bbox 211 4771 1358 4861; baseline 0.006 -28"><span class='ocrx_word' id='word_1_280' title='bbox 211 4771 337 4834; x_wconf 87' lang='lat' dir='ltr'><strong>fabrum</strong></span> <span class='ocrx_word' id='word_1_281' title='bbox 362 4788 392 4835; x_wconf 86' lang='lat' dir='ltr'><strong>ct</strong></span> <span class='ocrx_word' id='word_1_282' title='bbox 417 4773 610 4858; x_wconf 80' lang='lat' dir='ltr'><strong>Gregorium</strong></span> <span class='ocrx_word' id='word_1_283' title='bbox 633 4795 743 4839; x_wconf 84' lang='lat' dir='ltr'><strong>voscar</strong></span> <span class='ocrx_word' id='word_1_284' title='bbox 768 4777 806 4838; x_wconf 88' lang='lat' dir='ltr'><strong>ad</strong></span> <span class='ocrx_word' id='word_1_285' title='bbox 831 4790 904 4840; x_wconf 93' lang='lat' dir='ltr'><strong>octo</strong></span> <span class='ocrx_word' id='word_1_286' title='bbox 929 4777 998 4840; x_wconf 88' lang='lat' dir='ltr'><strong>dies</strong></span> <span class='ocrx_word' id='word_1_287' title='bbox 1020 4792 1146 4860; x_wconf 90' lang='lat' dir='ltr'><strong>recepta</strong></span> <span class='ocrx_word' id='word_1_288' title='bbox 1170 4778 1210 4840; x_wconf 91' lang='lat' dir='ltr'><strong>ad</strong></span> <span class='ocrx_word' id='word_1_289' title='bbox 1235 4798 1358 4861; x_wconf 89' lang='lat' dir='ltr'><strong>pacem.</strong></span> 
     </span>
    </p>
   </div>
   <div class='ocr_carea' id='block_1_4' title="bbox 0 0 1706 5362">
    <p class='ocr_par' dir='ltr' id='par_1_20' title="bbox 0 0 1706 5362">
     <span class='ocr_line' id='line_1_41' title="bbox 0 0 1706 5362; baseline 0 0"><span class='ocrx_word' id='word_1_290' title='bbox 0 0 1706 5362; x_wconf 95' lang='lat' dir='ltr'><strong> </strong></span> 
     </span>
    </p>
   </div>
  </div>
 </body>
</html>
