3404 5362
519 344 719 424 Ann01376.
744 381 785 390 -
805 361 839 423 5.
863 349 989 418 augusti.
1350 365 1387 426 53

118 556 159 619 sit
183 557 218 618 in
242 557 430 639 perdicione
454 560 668 640 quarumdam
693 560 858 621 literarum
876 559 907 619 in
933 558 1008 620 dote
1026 557 1308 641 expedienciarum
1331 578 1389 641 per

120 662 294 725 Crisanum
319 664 408 748 olym
433 681 578 727 nostrum
602 667 768 728 concivem
797 680 906 727 contra
931 665 1097 726 dominam
1130 665 1285 726 Dicauam
1311 685 1385 727 con·

119 783 240 832 sortem
263 791 366 850 suam,
391 773 545 835 cassando
570 773 676 856 ipsum
700 772 917 854 juramentum
949 771 1038 852 quod
1062 771 1201 833 debebat
1223 792 1256 832 se
1280 785 1387 834 sextus

121 876 286 959 deponere
309 891 555 942 sacramentum.

227 1002 306 1064 Item
331 1001 408 1065 Sara
432 1023 465 1065 se
490 1003 606 1065 tercius
630 1003 748 1084 jurabit
779 1003 810 1063 in
835 1022 884 1081 eo,
913 1001 991 1065 feria
1015 1014 1100 1064 sexta
1134 1022 1219 1063 nunc
1243 1003 1388 1084 proxime

122 1122 268 1186 ventura,
294 1122 403 1171 contra
427 1109 648 1171 Alexandrum
671 1109 883 1171 habitatorem
905 1123 1011 1170 nostre
1036 1109 1182 1185 civitatis,
1206 1108 1295 1189 quod
1321 1108 1388 1189 ipse

121 1214 262 1275 eundem
286 1214 518 1294 Alexandrum,
544 1216 574 1276 in
600 1217 651 1277 via
680 1215 809 1296 publica
841 1229 971 1277 euntem
996 1228 1027 1277 et
1057 1214 1286 1297 procedentem
1310 1228 1389 1275 tem-

122 1339 199 1403 pore
223 1320 378 1399 serotino,
401 1340 467 1382 non
499 1322 708 1403 captivaverit
739 1341 797 1382 nec
822 1322 981 1403 captivare
1014 1319 1135 1398 fecerit,
1159 1340 1218 1382 nec
1243 1321 1389 1381 verbera-

120 1427 209 1505 verit,
231 1446 289 1488 nec
306 1427 447 1508 aliquam
465 1428 647 1490 molestiam
664 1427 807 1489 intulerit
820 1427 949 1509 propria
965 1426 1152 1489 auctoritate
1169 1440 1223 1488 aut
1240 1426 1388 1507 nequicia

121 1533 327 1615 precogitata.
352 1535 484 1597 Peracto
514 1536 622 1615 itaque
653 1534 833 1615 juramento
858 1535 956 1616 ipsius
979 1535 1066 1612 Sara,
1090 1534 1249 1617 predictas
1275 1534 1387 1596 decem

121 1659 241 1701 marcas
264 1641 297 1701 in
322 1641 440 1722 quibus
463 1642 629 1703 convictus
652 1640 721 1703 lore
745 1640 901 1702 existebat
924 1640 1118 1702 revocando.

145 1875 243 1950 Faria
272 1882 380 1952 tercia
407 1881 563 1969 proxima
591 1883 625 1950 in
658 1880 745 1951 festo
772 1879 930 1951 videlicet
957 1879 1048 1950 beati
1078 1878 1230 1950 Wsaaldl
1260 1882 1359 1967 regis,

401 2011 518 2075 sancte
547 2004 651 2075 llarie
679 2004 718 2074 de
748 2003 828 2075 Nive
856 2009 891 2073 et
918 2002 1092 2075 Dominici.

652 2174 694 2251 (5.
717 2175 857 2249 augusta).

226 2331 334 2393 Primo
370 2332 446 2393 luan
484 2345 594 2393 contra
630 2331 778 2393 Kaukam
814 2333 984 2394 mulierem
1025 2331 1130 2414 primo
1173 2331 1286 2392 citatus
1320 2350 1385 2392 non

122 2438 309 2520 comparuit.

224 2544 303 2606 ltem
321 2543 478 2605 Martinus
494 2543 602 2624 ergavi
629 2557 738 2605 contra
760 2543 941 2606 lohannem
959 2558 1074 2605 octavo
1092 2543 1144 2606 die
1167 2543 1384 2626 respondebit.
1445 2542 1448 2549 ’

224 2651 303 2712 ltem
328 2650 438 2711 Katria
462 2649 579 2710 mulier
602 2670 635 2711 se
653 2651 751 2711 tercia
767 2664 883 2713 octavo
908 2651 960 2713 die
984 2650 1101 2732 jurabit
1116 2670 1213 2733 super
1229 2669 1278 2728 eo,
1296 2650 1385 2731 quod

120 2758 186 2840 ipsa
210 2758 309 2820 inscia
333 2756 429 2818 sitin
454 2757 596 2838 quodam
622 2757 743 2819 monile
768 2759 883 2821 ancille
909 2757 1037 2819 Andree
1063 2757 1129 2819 Sib.

224 2864 303 2926 ltem
317 2863 438 2925 Mathia
455 2863 615 2926 aurifaber
631 2879 741 2927 contra
759 2866 844 2948 Span
862 2867 967 2948 primo
985 2865 1098 2926 citatus
1110 2884 1176 2925 non
1193 2864 1383 2946 comparuit.

225 2971 304 3033 ltem
337 2970 422 3032 lwan
454 2970 592 3031 condam
622 2990 718 3053 preco
749 2985 858 3033 contra
891 2972 1026 3033 Paulum
1060 2970 1169 3052 Kypar
1193 2982 1307 3031 octavo
1332 2970 1384 3031 die

121 3078 336 3160 respondebit.

224 3182 305 3245 ltem
328 3183 491 3247 Vrbanich
514 3200 625 3248 contra
649 3187 786 3247 Paulum
810 3186 921 3268 Kypar
944 3185 1050 3266 primo
1067 3184 1180 3246 citatus
1203 3202 1268 3244 non
1297 3169 1383 3244 com-

122 3290 232 3372 paruit.

223 3396 301 3458 ltem
333 3396 478 3459 Francha
509 3397 670 3460 aurifaber
702 3414 810 3461 contra
843 3396 1078 3478 Margaretham
1110 3395 1280 3456 mulierem
1312 3410 1384 3478 post

120 3522 212 3564 suum
235 3502 409 3565 adventum
433 3525 529 3587 super
560 3507 776 3587 occupacione
809 3503 937 3585 frugum
962 3521 1091 3563 suarum
1121 3501 1328 3583 respondebit
1353 3514 1383 3562 et

122 3607 185 3688 jura
211 3609 358 3671 ostendet
381 3611 407 3671 si
432 3631 495 3692 qua
520 3612 667 3673 habuerit
691 3613 722 3674 in
747 3612 919 3695 premissis.

223 3716 302 3778 ltem
327 3736 422 3778 causa
454 3716 577 3778 Miclini
610 3731 641 3779 et
666 3719 805 3799 Baptiste
839 3731 885 3780 est
909 3738 965 3799 per
989 3717 1168 3780 lobannem
1201 3716 1317 3776 Lieber
1341 3713 1381 3775 ad

121 3835 191 3884 octo
215 3821 284 3884 dies
311 3835 493 3904 prorogata.

223 3928 302 3989 Item
326 3948 419 3990 causa
451 3930 651 4012 Margarethe
683 3930 791 3993 relicte
823 3930 932 3991 Rados
963 3944 1071 3992 contra
1104 3931 1261 3991 Jacobum
1292 3928 1381 4010 pelli·

121 4032 209 4097 ficem
234 4048 282 4097 est
305 4035 344 4097 ad
369 4034 543 4097 adventum
561 4037 660 4119 ipsius
684 4038 792 4099 Jacobi
811 4037 850 4098 ad
867 4038 1008 4120 primum
1025 4036 1181 4118 judicium
1198 4048 1379 4118 prorogata.

224 4141 302 4203 ltem
327 4142 452 4223 Regina
484 4156 593 4205 contra
627 4143 820 4224 Gregorium
846 4157 876 4205 et
908 4142 1086 4224 Georgium
1118 4156 1232 4205 octavo
1257 4143 1309 4203 die
1334 4162 1381 4204 te·

123 4248 300 4330 spondebit.

224 4355 303 4418 ltem
329 4354 490 4436 Georgius
513 4370 622 4418 contra
655 4358 802 4419 Maritum
832 4356 953 4418 Gemez
985 4370 1057 4439 post
1089 4377 1183 4418 suum
1208 4357 1381 4419 adventum

124 4459 158 4522 de
180 4461 336 4524 nundinia
361 4462 492 4524 Petouie
519 4463 623 4543 primo
648 4463 768 4543 judicio
793 4462 1009 4544 respondebit.

224 4569 302 4630 ltem
328 4567 504 4650 Gregorius
529 4584 637 4630 contra
663 4570 793 4630 luanam
819 4583 932 4630 octavo
957 4570 1009 4630 die
1035 4570 1251 4651 respondebit.

223 4693 303 4756 ltem
335 4713 427 4755 causa
461 4693 617 4755 lobannis
648 4709 677 4756 et
710 4695 818 4756 Sibich
850 4709 994 4755 sutorum
1020 4707 1066 4756 est
1098 4715 1153 4776 per
1178 4695 1381 4758 Clementem

125 4814 260 4863 sutorem
284 4814 316 4861 et
338 4801 474 4863 alterum
500 4800 702 4863 Clementem
730 4801 770 4862 ad
794 4814 867 4862 octo
893 4802 961 4861 dies
985 4815 1109 4882 recepta
1135 4801 1174 4861 ad
1199 4820 1321 4883 pacem.
