3398 5364
594 345 681 402 Anno
704 339 798 418 1388.
824 377 865 386 -
889 358 940 420 24.
957 345 1110 421 januarii.
1420 343 1480 423 285

320 553 399 615 Item
424 553 575 617 dominus
598 555 736 616 vicarius
760 567 870 616 contra
894 555 1004 617 Silram
1027 556 1132 637 primo
1166 556 1279 617 citatus
1303 576 1369 618 non
1393 576 1481 619 com·

212 660 331 742 paruit.

319 767 398 828 Item
423 767 509 829 idem
533 767 670 829 vicarius
688 781 796 829 contra
815 767 979 830 Thomam
1003 767 1142 849 juratum
1159 769 1264 851 prImo
1282 769 1396 831 citatus
1412 788 1479 831 non

211 873 404 954 comparuit.

320 980 399 1042 Item
417 979 586 1063 Gyaninus
602 994 712 1042 contra
729 981 938 1043 Valentinum
954 981 1061 1064 prImo
1079 981 1193 1044 citatus
1210 1001 1276 1044 non
1290 982 1481 1065 comparuit.

320 1086 398 1149 Item
423 1087 525 1148 Malar
548 1100 657 1149 contra
684 1087 853 1149 Nicolaum
887 1087 992 1170 primo
1016 1088 1130 1151 citatus
1155 1109 1219 1151 non
1244 1089 1435 1171 comparuit.

320 1193 397 1255 Item
427 1214 520 1256 causa
546 1193 701 1256 Anthonii
728 1195 827 1256 Renia
858 1208 968 1256 contra
994 1196 1163 1257 Marenum
1187 1215 1290 1277 usque
1315 1209 1389 1259 octo
1414 1196 1483 1259 dles

213 1313 260 1360 est
285 1313 467 1381 prorogata.

321 1406 398 1468 Item
413 1407 524 1468 Petrus
540 1406 681 1468 decanus
693 1421 803 1468 contra
821 1406 907 1468 Iwan
919 1407 1062 1469 secundo
1079 1407 1192 1469 citatus
1206 1427 1271 1470 non
1289 1408 1480 1492 comparuit.

320 1512 399 1574 Item
424 1513 579 1575 Martinus
603 1513 698 1575 Tuba
723 1528 753 1574 et
777 1513 888 1575 Petrus
919 1513 959 1575 de
984 1514 1154 1577 Branouch
1186 1528 1296 1577 contra
1321 1515 1482 1598 Delasych

215 1618 321 1699 primo
346 1619 430 1680 citati
457 1639 522 1680 non
547 1632 805 1702 comparuerunt.

319 1726 398 1786 Item
426 1724 590 1787 Iohannes
614 1726 740 1788 institor
763 1727 854 1808 niger
877 1726 917 1788 de
934 1725 1018 1787 facto
1038 1726 1204 1789 cuiusdam
1229 1727 1277 1789 sui
1302 1725 1405 1807 fundi,
1425 1727 1482 1809 qui

214 1828 334 1892 fundus
358 1832 439 1914 EIye
463 1832 551 1914 parvi
577 1831 755 1914 prefuisset,
779 1851 853 1894 cum
883 1833 982 1894 Paulo
1007 1833 1129 1914 pictore
1154 1833 1252 1896 nichil
1277 1833 1373 1896 habet
1398 1833 1477 1915 quid

212 1937 392 2018 specialiter
417 1958 522 2020 neque
547 1957 730 2001 commune.

319 2044 397 2105 Item
432 2045 608 2126 AgustInus
641 2045 789 2106 sacerdos
823 2058 933 2107 contra
970 2046 1100 2108 Petrum
1132 2046 1237 2128 primo
1269 2046 1382 2108 citatus
1416 2065 1481 2107 non

212 2151 403 2232 comparuit.

320 2256 398 2318 Item
423 2257 511 2338 quod
536 2258 610 2339 quia
636 2258 775 2319 Iwanam
797 2257 966 2320 mulierem
993 2259 1073 2321 KeIe
1097 2259 1286 2337 verberavit,
1312 2258 1385 2321 ideo
1410 2259 1477 2340 ipse

214 2361 293 2422 KeIe
319 2362 424 2424 eidem
448 2383 549 2445 usque
575 2363 754 2445 quindenas
778 2365 923 2446 quiaque
947 2384 1069 2427 marcas
1093 2366 1218 2428 solvere
1243 2365 1347 2427 debet.

279 2597 376 2671 Ferla
405 2604 512 2673 tercIa
540 2612 616 2690 post
645 2602 767 2674 testum
794 2603 971 2674 beatorum
999 2599 1136 2675 labimi
1166 2611 1200 2675 et
1227 2604 1417 2675 sebastiani

750 2729 942 2799 martirum.

728 2900 791 2974 (21.
806 2899 969 2975 januarii).

321 3051 419 3126 Quod
436 3053 511 3134 quia
528 3053 636 3115 relicta
661 3054 817 3136 Zekyrich
841 3075 897 3137 per
920 3069 1015 3116 testes
1040 3056 1071 3117 id
1095 3056 1328 3138 comprobavit,
1354 3070 1388 3117 ut
1413 3057 1479 3138 lpse

213 3157 369 3240 Zekyrich
394 3157 547 3238 (hlortum
564 3178 669 3237 suum,
693 3163 804 3221 subtus
828 3160 956 3222 vineam
971 3161 1129 3238 habitum,
1153 3161 1213 3223 sibi
1239 3160 1384 3242 legasset,
1402 3162 1477 3225 ideo

214 3262 319 3344 ipsum
344 3263 496 3344 (hlortum
522 3264 627 3326 eidem
652 3265 783 3327 domine
807 3265 1074 3346 adjudicavimus.

320 3388 398 3451 Item
424 3389 525 3452 Malar
549 3405 659 3452 contra
684 3391 857 3453 Nicolaum
888 3389 966 3453 feria
990 3405 1076 3452 sexta
1100 3391 1317 3473 respondebit.

321 3496 398 3558 Item
431 3498 550 3560 Paulus
581 3497 725 3559 literatus
756 3496 835 3559 feria
865 3511 951 3560 sexta
981 3519 1038 3580 per
1067 3498 1194 3581 Remph
1227 3519 1262 3560 ac
1294 3514 1481 3563 consortem

215 3601 297 3664 Petri
323 3603 411 3685 longi
443 3623 478 3665 ac
510 3604 616 3686 ipsum
644 3603 706 3666 hoc
738 3603 895 3683 atestabit,
927 3604 1015 3686 quod
1046 3604 1152 3686 ipsum
1185 3624 1264 3667 uxor
1292 3605 1418 3667 Endree
1448 3606 1480 3666 in

214 3721 325 3790 treuga
350 3709 570 3791 vituperasset.

319 3814 398 3876 Item
431 3817 540 3877 Maren
573 3836 674 3897 usque
706 3815 792 3877 diem
823 3806 1021 3898 c'arnisprivii
1055 3815 1220 3878 Anthonio
1257 3817 1342 3879 dicto
1381 3819 1482 3880 Renis

215 3941 267 3983 sex
292 3920 362 3983 flor.
387 3923 511 3984 solvere
536 3923 641 3986 debet.

638 4157 736 4234 FerIa
763 4167 861 4234 sexta
894 4163 1058 4251 sequenti.

728 4329 795 4410 (24.
811 4329 981 4412 januaria).

322 4493 400 4554 Item
425 4511 520 4553 causa
544 4489 669 4552 Nicolai
695 4504 805 4551 contra
823 4490 924 4552 Malar
948 4489 988 4551 ad
1013 4488 1125 4551 feriam
1142 4488 1273 4550 terciam
1298 4507 1382 4549 nunc
1401 4507 1478 4549 ven·

216 4613 319 4661 turam
344 4598 385 4660 ad
409 4617 520 4680 pacem
546 4612 591 4658 est
615 4612 751 4678 recepta.

322 4704 400 4766 Item
424 4704 504 4786 (per)
528 4716 622 4765 testes
648 4703 789 4783 magistri
816 4702 905 4763 Pauli
927 4721 1021 4763 causa
1047 4702 1145 4782 ipsius
1170 4714 1278 4763 contra
1304 4699 1412 4761 Endre
1436 4699 1478 4760 ad

218 4809 329 4873 leriam
354 4810 485 4872 terciam
510 4810 550 4870 ad
574 4828 685 4891 pacem
711 4823 758 4870 est
783 4822 920 4890 recepta.
