<?xml version="1.0" encoding="UTF-8"?>
<!DOCTYPE html PUBLIC "-//W3C//DTD XHTML 1.0 Transitional//EN"
    "http://www.w3.org/TR/xhtml1/DTD/xhtml1-transitional.dtd">
<html xmlns="http://www.w3.org/1999/xhtml" xml:lang="en" lang="en">
 <head>
  <title>
</title>
<meta http-equiv="Content-Type" content="text/html;charset=utf-8" />
  <meta name='ocr-system' content='tesseract 3.04.00' />
  <meta name='ocr-capabilities' content='ocr_page ocr_carea ocr_par ocr_line ocrx_word'/>
</head>
<body>
  <div class='ocr_page' id='page_1' title='image "./monumentahistor04laszgoog/monumentahistor04laszgoog_0276.png"; bbox 0 0 3404 5362; ppageno 0'>
   <div class='ocr_carea' id='block_1_1' title="bbox 455 364 1348 450">
    <p class='ocr_par' dir='ltr' id='par_1_1' title="bbox 455 364 1348 450">
     <span class='ocr_line' id='line_1_1' title="bbox 455 364 1348 450; baseline 0.001 -23"><span class='ocrx_word' id='word_1_1' title='bbox 455 364 657 446; x_wconf 75' lang='lat' dir='ltr'>Anno1385.</span> <span class='ocrx_word' id='word_1_2' title='bbox 682 382 795 445; x_wconf 79' lang='lat'>-13.</span> <span class='ocrx_word' id='word_1_3' title='bbox 811 368 964 445; x_wconf 79' lang='lat' dir='ltr'>januarii.</span> <span class='ocrx_word' id='word_1_4' title='bbox 1285 385 1348 450; x_wconf 83' lang='lat'>227</span> 
     </span>
    </p>
   </div>
   <div class='ocr_carea' id='block_1_2' title="bbox 142 577 1351 1936">
    <p class='ocr_par' dir='ltr' id='par_1_2' title="bbox 142 577 1350 980">
     <span class='ocr_line' id='line_1_2' title="bbox 189 577 1350 662; baseline -0.003 -18"><span class='ocrx_word' id='word_1_5' title='bbox 189 581 269 643; x_wconf 91' lang='lat' dir='ltr'>ltem</span> <span class='ocrx_word' id='word_1_6' title='bbox 295 601 390 643; x_wconf 89' lang='lat' dir='ltr'>causa</span> <span class='ocrx_word' id='word_1_7' title='bbox 422 580 521 643; x_wconf 90' lang='lat' dir='ltr'>Marci</span> <span class='ocrx_word' id='word_1_8' title='bbox 553 578 610 641; x_wconf 87' lang='lat' dir='ltr'>filii</span> <span class='ocrx_word' id='word_1_9' title='bbox 643 578 780 662; x_wconf 90' lang='lat' dir='ltr'>Mykech</span> <span class='ocrx_word' id='word_1_10' title='bbox 812 577 869 640; x_wconf 86' lang='lat' dir='ltr'>filii</span> <span class='ocrx_word' id='word_1_11' title='bbox 902 578 1064 640; x_wconf 88' lang='lat' dir='ltr'>Francisci</span> <span class='ocrx_word' id='word_1_12' title='bbox 1095 592 1205 641; x_wconf 90' lang='lat' dir='ltr'>contra</span> <span class='ocrx_word' id='word_1_13' title='bbox 1230 579 1350 641; x_wconf 92' lang='lat' dir='ltr'>liberos</span> 
     </span>
     <span class='ocr_line' id='line_1_3' title="bbox 142 684 1348 749; baseline -0.002 0"><span class='ocrx_word' id='word_1_14' title='bbox 142 688 164 749; x_wconf 93' lang='lat' dir='ltr'>ri</span> <span class='ocrx_word' id='word_1_15' title='bbox 186 685 245 749; x_wconf 89' lang='lat' dir='ltr'>filii</span> <span class='ocrx_word' id='word_1_16' title='bbox 269 687 391 749; x_wconf 87' lang='lat' dir='ltr'>Rubini</span> <span class='ocrx_word' id='word_1_17' title='bbox 416 684 520 748; x_wconf 87' lang='lat' dir='ltr'>iratris</span> <span class='ocrx_word' id='word_1_18' title='bbox 544 686 636 748; x_wconf 88' lang='lat' dir='ltr'>Jakse</span> <span class='ocrx_word' id='word_1_19' title='bbox 653 685 739 746; x_wconf 85' lang='lat' dir='ltr'>iuxta</span> <span class='ocrx_word' id='word_1_20' title='bbox 758 697 901 746; x_wconf 88' lang='lat' dir='ltr'>nostrum</span> <span class='ocrx_word' id='word_1_21' title='bbox 927 684 1115 746; x_wconf 89' lang='lat' dir='ltr'>mandatum</span> <span class='ocrx_word' id='word_1_22' title='bbox 1140 704 1197 746; x_wconf 85' lang='lat' dir='ltr'>seu</span> <span class='ocrx_word' id='word_1_23' title='bbox 1220 699 1348 748; x_wconf 85' lang='lat' dir='ltr'>senten·</span> 
     </span>
     <span class='ocr_line' id='line_1_4' title="bbox 142 790 1349 875; baseline -0.003 -19"><span class='ocrx_word' id='word_1_24' title='bbox 142 813 161 856; x_wconf 92' lang='lat' dir='ltr'>u</span> <span class='ocrx_word' id='word_1_25' title='bbox 178 793 213 855; x_wconf 93' lang='lat' dir='ltr'>in</span> <span class='ocrx_word' id='word_1_26' title='bbox 231 793 352 855; x_wconf 88' lang='lat' dir='ltr'>eisdem</span> <span class='ocrx_word' id='word_1_27' title='bbox 369 812 561 875; x_wconf 82' lang='lat' dir='ltr'>expressam,</span> <span class='ocrx_word' id='word_1_28' title='bbox 583 791 708 853; x_wconf 91' lang='lat' dir='ltr'>tamdiu</span> <span class='ocrx_word' id='word_1_29' title='bbox 733 809 904 872; x_wconf 83' lang='lat' dir='ltr'>quousque</span> <span class='ocrx_word' id='word_1_30' title='bbox 920 790 1054 873; x_wconf 88' lang='lat' dir='ltr'>predicti</span> <span class='ocrx_word' id='word_1_31' title='bbox 1078 791 1170 853; x_wconf 92' lang='lat' dir='ltr'>liberi</span> <span class='ocrx_word' id='word_1_32' title='bbox 1187 790 1245 852; x_wconf 89' lang='lat' dir='ltr'>filii</span> <span class='ocrx_word' id='word_1_33' title='bbox 1264 791 1349 853; x_wconf 91' lang='lat' dir='ltr'>Petri</span> 
     </span>
     <span class='ocr_line' id='line_1_5' title="bbox 142 897 1218 980; baseline -0.003 -18"><span class='ocrx_word' id='word_1_34' title='bbox 142 899 274 962; x_wconf 76' lang='lat' dir='ltr'>idultam</span> <span class='ocrx_word' id='word_1_35' title='bbox 299 898 489 961; x_wconf 87' lang='lat' dir='ltr'>devenerint</span> <span class='ocrx_word' id='word_1_36' title='bbox 512 911 629 961; x_wconf 92' lang='lat' dir='ltr'>etatem</span> <span class='ocrx_word' id='word_1_37' title='bbox 655 909 700 958; x_wconf 89' lang='lat' dir='ltr'>est</span> <span class='ocrx_word' id='word_1_38' title='bbox 724 910 895 979; x_wconf 91' lang='lat' dir='ltr'>prorogata</span> <span class='ocrx_word' id='word_1_39' title='bbox 918 910 1002 959; x_wconf 88' lang='lat' dir='ltr'>statu</span> <span class='ocrx_word' id='word_1_40' title='bbox 1025 898 1084 959; x_wconf 96' lang='lat' dir='ltr'>sub</span> <span class='ocrx_word' id='word_1_41' title='bbox 1109 897 1218 980; x_wconf 88' lang='lat' dir='ltr'>priori.</span> 
     </span>
    </p>

    <p class='ocr_par' dir='ltr' id='par_1_3' title="bbox 142 1002 1350 1406">
     <span class='ocr_line' id='line_1_6' title="bbox 189 1002 1350 1086; baseline -0.003 -17"><span class='ocrx_word' id='word_1_42' title='bbox 189 1007 268 1069; x_wconf 89' lang='lat' dir='ltr'>ltem</span> <span class='ocrx_word' id='word_1_43' title='bbox 299 1006 432 1068; x_wconf 93' lang='lat' dir='ltr'>domine</span> <span class='ocrx_word' id='word_1_44' title='bbox 456 1005 582 1067; x_wconf 88' lang='lat' dir='ltr'>Dikaue</span> <span class='ocrx_word' id='word_1_45' title='bbox 615 1002 823 1065; x_wconf 91' lang='lat' dir='ltr'>medietatem</span> <span class='ocrx_word' id='word_1_46' title='bbox 854 1003 1076 1065; x_wconf 91' lang='lat' dir='ltr'>universarum</span> <span class='ocrx_word' id='word_1_47' title='bbox 1108 1003 1350 1086; x_wconf 88' lang='lat' dir='ltr'>possessionum</span> 
     </span>
     <span class='ocr_line' id='line_1_7' title="bbox 142 1109 1349 1192; baseline -0.002 -16"><span class='ocrx_word' id='word_1_48' title='bbox 142 1133 213 1176; x_wconf 92' lang='lat' dir='ltr'>rum</span> <span class='ocrx_word' id='word_1_49' title='bbox 236 1112 502 1175; x_wconf 87' lang='lat' dir='ltr'>adiudicaverunt</span> <span class='ocrx_word' id='word_1_50' title='bbox 526 1130 565 1172; x_wconf 90' lang='lat' dir='ltr'>eo</span> <span class='ocrx_word' id='word_1_51' title='bbox 590 1109 709 1188; x_wconf 90' lang='lat' dir='ltr'>modo,</span> <span class='ocrx_word' id='word_1_52' title='bbox 732 1122 768 1171; x_wconf 93' lang='lat' dir='ltr'>ut</span> <span class='ocrx_word' id='word_1_53' title='bbox 799 1109 883 1192; x_wconf 89' lang='lat' dir='ltr'>ipsas</span> <span class='ocrx_word' id='word_1_54' title='bbox 906 1129 1008 1191; x_wconf 92' lang='lat' dir='ltr'>usque</span> <span class='ocrx_word' id='word_1_55' title='bbox 1033 1109 1214 1191; x_wconf 88' lang='lat' dir='ltr'>quindenas</span> <span class='ocrx_word' id='word_1_56' title='bbox 1237 1111 1349 1173; x_wconf 86' lang='lat' dir='ltr'>vendi·</span> 
     </span>
     <span class='ocr_line' id='line_1_8' title="bbox 142 1215 1350 1302; baseline -0.003 -20"><span class='ocrx_word' id='word_1_57' title='bbox 142 1220 167 1283; x_wconf 82' lang='lat' dir='ltr'>ri</span> <span class='ocrx_word' id='word_1_58' title='bbox 193 1238 352 1302; x_wconf 84' lang='lat' dir='ltr'>exponere</span> <span class='ocrx_word' id='word_1_59' title='bbox 378 1218 485 1296; x_wconf 91' lang='lat' dir='ltr'>debet,</span> <span class='ocrx_word' id='word_1_60' title='bbox 508 1237 545 1279; x_wconf 93' lang='lat' dir='ltr'>ac</span> <span class='ocrx_word' id='word_1_61' title='bbox 569 1215 609 1277; x_wconf 95' lang='lat' dir='ltr'>de</span> <span class='ocrx_word' id='word_1_62' title='bbox 634 1216 701 1298; x_wconf 91' lang='lat' dir='ltr'>ipsa</span> <span class='ocrx_word' id='word_1_63' title='bbox 718 1215 855 1298; x_wconf 90' lang='lat' dir='ltr'>pecunia</span> <span class='ocrx_word' id='word_1_64' title='bbox 878 1215 959 1297; x_wconf 90' lang='lat' dir='ltr'>parti</span> <span class='ocrx_word' id='word_1_65' title='bbox 984 1215 1116 1278; x_wconf 88' lang='lat' dir='ltr'>adverse</span> <span class='ocrx_word' id='word_1_66' title='bbox 1140 1229 1170 1277; x_wconf 89' lang='lat' dir='ltr'>et</span> <span class='ocrx_word' id='word_1_67' title='bbox 1195 1216 1350 1279; x_wconf 90' lang='lat' dir='ltr'>omnibus</span> 
     </span>
     <span class='ocr_line' id='line_1_9' title="bbox 142 1322 625 1406; baseline -0.012 -17"><span class='ocrx_word' id='word_1_68' title='bbox 142 1327 190 1389; x_wconf 88' lang='lat' dir='ltr'>ita</span> <span class='ocrx_word' id='word_1_69' title='bbox 214 1323 393 1388; x_wconf 83' lang='lat' dir='ltr'>satisfaccio</span> <span class='ocrx_word' id='word_1_70' title='bbox 422 1322 625 1406; x_wconf 85' lang='lat' dir='ltr'>inpendatur.</span> 
     </span>
    </p>

    <p class='ocr_par' dir='ltr' id='par_1_4' title="bbox 142 1427 1349 1620">
     <span class='ocr_line' id='line_1_10' title="bbox 186 1427 1349 1509; baseline -0.003 -15"><span class='ocrx_word' id='word_1_71' title='bbox 186 1431 265 1494; x_wconf 91' lang='lat' dir='ltr'>ltem</span> <span class='ocrx_word' id='word_1_72' title='bbox 297 1450 391 1493; x_wconf 90' lang='lat' dir='ltr'>causa</span> <span class='ocrx_word' id='word_1_73' title='bbox 422 1428 579 1491; x_wconf 79' lang='lat' dir='ltr'>Anthonii</span> <span class='ocrx_word' id='word_1_74' title='bbox 611 1428 712 1490; x_wconf 85' lang='lat' dir='ltr'>Renis</span> <span class='ocrx_word' id='word_1_75' title='bbox 743 1440 854 1489; x_wconf 91' lang='lat' dir='ltr'>contra</span> <span class='ocrx_word' id='word_1_76' title='bbox 879 1427 1096 1509; x_wconf 88' lang='lat' dir='ltr'>Dragozlaum</span> <span class='ocrx_word' id='word_1_77' title='bbox 1127 1429 1168 1491; x_wconf 94' lang='lat' dir='ltr'>ad</span> <span class='ocrx_word' id='word_1_78' title='bbox 1200 1442 1349 1491; x_wconf 88' lang='lat' dir='ltr'>octavum</span> 
     </span>
     <span class='ocr_line' id='line_1_11' title="bbox 142 1537 610 1620; baseline -0.009 -20"><span class='ocrx_word' id='word_1_79' title='bbox 142 1558 171 1600; x_wconf 91' lang='lat' dir='ltr'>m</span> <span class='ocrx_word' id='word_1_80' title='bbox 196 1537 237 1600; x_wconf 91' lang='lat' dir='ltr'>ad</span> <span class='ocrx_word' id='word_1_81' title='bbox 261 1556 373 1620; x_wconf 87' lang='lat' dir='ltr'>pacem</span> <span class='ocrx_word' id='word_1_82' title='bbox 398 1550 445 1599; x_wconf 89' lang='lat' dir='ltr'>est</span> <span class='ocrx_word' id='word_1_83' title='bbox 472 1549 610 1618; x_wconf 91' lang='lat' dir='ltr'>recepta.</span> 
     </span>
    </p>

    <p class='ocr_par' dir='ltr' id='par_1_5' title="bbox 142 1640 1349 1813">
     <span class='ocr_line' id='line_1_12' title="bbox 190 1640 1349 1722; baseline 0 -16"><span class='ocrx_word' id='word_1_84' title='bbox 190 1645 268 1707; x_wconf 91' lang='lat' dir='ltr'>ltem</span> <span class='ocrx_word' id='word_1_85' title='bbox 300 1642 454 1707; x_wconf 88' lang='lat' dir='ltr'>Nicolaus</span> <span class='ocrx_word' id='word_1_86' title='bbox 485 1641 569 1703; x_wconf 88' lang='lat' dir='ltr'>lilius</span> <span class='ocrx_word' id='word_1_87' title='bbox 601 1640 725 1703; x_wconf 90' lang='lat' dir='ltr'>Odolas</span> <span class='ocrx_word' id='word_1_88' title='bbox 757 1660 859 1722; x_wconf 89' lang='lat' dir='ltr'>usque</span> <span class='ocrx_word' id='word_1_89' title='bbox 891 1655 1040 1703; x_wconf 89' lang='lat' dir='ltr'>octavum</span> <span class='ocrx_word' id='word_1_90' title='bbox 1079 1641 1167 1703; x_wconf 91' lang='lat' dir='ltr'>diem</span> <span class='ocrx_word' id='word_1_91' title='bbox 1199 1641 1349 1706; x_wconf 87' lang='lat' dir='ltr'>exhibere</span> 
     </span>
     <span class='ocr_line' id='line_1_13' title="bbox 142 1750 482 1813; baseline 0.003 -2"><span class='ocrx_word' id='word_1_92' title='bbox 142 1765 181 1813; x_wconf 71' lang='lat' dir='ltr'>»et</span> <span class='ocrx_word' id='word_1_93' title='bbox 204 1764 315 1813; x_wconf 90' lang='lat' dir='ltr'>contra</span> <span class='ocrx_word' id='word_1_94' title='bbox 338 1750 482 1812; x_wconf 90' lang='lat' dir='ltr'>comites.</span> 
     </span>
    </p>

    <p class='ocr_par' dir='ltr' id='par_1_6' title="bbox 188 1853 1351 1936">
     <span class='ocr_line' id='line_1_14' title="bbox 188 1853 1351 1936; baseline -0.001 -17"><span class='ocrx_word' id='word_1_95' title='bbox 188 1857 267 1919; x_wconf 87' lang='lat' dir='ltr'>Item</span> <span class='ocrx_word' id='word_1_96' title='bbox 292 1855 430 1919; x_wconf 89' lang='lat' dir='ltr'>Michael</span> <span class='ocrx_word' id='word_1_97' title='bbox 461 1868 563 1916; x_wconf 84' lang='lat' dir='ltr'>sartor</span> <span class='ocrx_word' id='word_1_98' title='bbox 594 1866 705 1916; x_wconf 88' lang='lat' dir='ltr'>contra</span> <span class='ocrx_word' id='word_1_99' title='bbox 739 1853 938 1936; x_wconf 84' lang='lat' dir='ltr'>Stephanum</span> <span class='ocrx_word' id='word_1_100' title='bbox 971 1854 1114 1915; x_wconf 91' lang='lat' dir='ltr'>secundo</span> <span class='ocrx_word' id='word_1_101' title='bbox 1139 1855 1253 1917; x_wconf 88' lang='lat' dir='ltr'>citatus</span> <span class='ocrx_word' id='word_1_102' title='bbox 1284 1875 1351 1918; x_wconf 90' lang='lat' dir='ltr'>non</span> 
     </span>
    </p>
   </div>
   <div class='ocr_carea' id='block_1_3' title="bbox 142 1963 274 2047">
    <p class='ocr_par' dir='ltr' id='par_1_7' title="bbox 142 1963 274 2047">
     <span class='ocr_line' id='line_1_15' title="bbox 142 1963 274 2047; baseline 0 -21"><span class='ocrx_word' id='word_1_103' title='bbox 142 1963 274 2047; x_wconf 89' lang='lat' dir='ltr'>uparuit.</span> 
     </span>
    </p>
   </div>
   <div class='ocr_carea' id='block_1_4' title="bbox 159 2177 1279 2270">
    <p class='ocr_par' dir='ltr' id='par_1_8' title="bbox 159 2177 1279 2270">
     <span class='ocr_line' id='line_1_16' title="bbox 159 2177 1279 2270; baseline -0.004 -16"><span class='ocrx_word' id='word_1_104' title='bbox 159 2179 258 2256; x_wconf 83' lang='lat' dir='ltr'>Feria</span> <span class='ocrx_word' id='word_1_105' title='bbox 284 2188 383 2253; x_wconf 84' lang='lat' dir='ltr'>sexta</span> <span class='ocrx_word' id='word_1_106' title='bbox 411 2182 567 2270; x_wconf 83' lang='lat' dir='ltr'>proxima</span> <span class='ocrx_word' id='word_1_107' title='bbox 594 2186 672 2268; x_wconf 89' lang='lat' dir='ltr'>post</span> <span class='ocrx_word' id='word_1_108' title='bbox 699 2179 824 2252; x_wconf 83' lang='lat' dir='ltr'>festum</span> <span class='ocrx_word' id='word_1_109' title='bbox 851 2177 1115 2269; x_wconf 78' lang='lat' dir='ltr'>Epiphaniarum</span> <span class='ocrx_word' id='word_1_110' title='bbox 1143 2183 1279 2253; x_wconf 89' lang='lat' dir='ltr'>domini.</span> 
     </span>
    </p>
   </div>
   <div class='ocr_carea' id='block_1_5' title="bbox 477 2329 956 2412">
    <p class='ocr_par' dir='ltr' id='par_1_9' title="bbox 477 2329 956 2412">
     <span class='ocr_line' id='line_1_17' title="bbox 477 2329 956 2412; baseline 0.013 -22"><span class='ocrx_word' id='word_1_111' title='bbox 477 2329 690 2410; x_wconf 75' lang='lat' dir='ltr'>(Ann01385‚</span> <span class='ocrx_word' id='word_1_112' title='bbox 723 2347 771 2410; x_wconf 76' lang='lat'>13.</span> <span class='ocrx_word' id='word_1_113' title='bbox 789 2333 956 2412; x_wconf 80' lang='lat' dir='ltr'>januarii).</span> 
     </span>
    </p>
   </div>
   <div class='ocr_carea' id='block_1_6' title="bbox 142 2472 1354 4936">
    <p class='ocr_par' dir='ltr' id='par_1_10' title="bbox 144 2472 1351 2642">
     <span class='ocr_line' id='line_1_18' title="bbox 190 2472 1351 2557; baseline 0.003 -22"><span class='ocrx_word' id='word_1_114' title='bbox 190 2474 268 2535; x_wconf 89' lang='lat' dir='ltr'>ltem</span> <span class='ocrx_word' id='word_1_115' title='bbox 293 2475 378 2535; x_wconf 90' lang='lat' dir='ltr'>lwan</span> <span class='ocrx_word' id='word_1_116' title='bbox 404 2472 527 2556; x_wconf 89' lang='lat' dir='ltr'>Lasych</span> <span class='ocrx_word' id='word_1_117' title='bbox 552 2488 661 2535; x_wconf 89' lang='lat' dir='ltr'>contra</span> <span class='ocrx_word' id='word_1_118' title='bbox 683 2472 885 2535; x_wconf 81' lang='lat' dir='ltr'>Anthonium</span> <span class='ocrx_word' id='word_1_119' title='bbox 909 2475 1015 2557; x_wconf 92' lang='lat' dir='ltr'>primo</span> <span class='ocrx_word' id='word_1_120' title='bbox 1041 2475 1155 2537; x_wconf 91' lang='lat' dir='ltr'>citatus</span> <span class='ocrx_word' id='word_1_121' title='bbox 1180 2495 1245 2537; x_wconf 96' lang='lat' dir='ltr'>non</span> <span class='ocrx_word' id='word_1_122' title='bbox 1263 2495 1351 2539; x_wconf 92' lang='lat' dir='ltr'>com·</span> 
     </span>
     <span class='ocr_line' id='line_1_19' title="bbox 144 2581 201 2642; baseline 0 0"><span class='ocrx_word' id='word_1_123' title='bbox 144 2581 201 2642; x_wconf 88' lang='lat' dir='ltr'>uit.</span> 
     </span>
    </p>

    <p class='ocr_par' dir='ltr' id='par_1_11' title="bbox 191 2683 1351 2771">
     <span class='ocr_line' id='line_1_20' title="bbox 191 2683 1351 2771; baseline 0.003 -23"><span class='ocrx_word' id='word_1_124' title='bbox 191 2686 269 2748; x_wconf 93' lang='lat' dir='ltr'>ltem</span> <span class='ocrx_word' id='word_1_125' title='bbox 294 2685 379 2746; x_wconf 86' lang='lat' dir='ltr'>lwan</span> <span class='ocrx_word' id='word_1_126' title='bbox 405 2685 575 2767; x_wconf 89' lang='lat' dir='ltr'>Hlebopek</span> <span class='ocrx_word' id='word_1_127' title='bbox 600 2698 710 2747; x_wconf 92' lang='lat' dir='ltr'>contra</span> <span class='ocrx_word' id='word_1_128' title='bbox 729 2683 908 2768; x_wconf 78' lang='lat' dir='ltr'>Georgium</span> <span class='ocrx_word' id='word_1_129' title='bbox 933 2700 1048 2750; x_wconf 91' lang='lat' dir='ltr'>octavo</span> <span class='ocrx_word' id='word_1_130' title='bbox 1065 2687 1117 2749; x_wconf 92' lang='lat' dir='ltr'>die</span> <span class='ocrx_word' id='word_1_131' title='bbox 1134 2689 1351 2771; x_wconf 88' lang='lat' dir='ltr'>respondebit.</span> 
     </span>
    </p>

    <p class='ocr_par' dir='ltr' id='par_1_12' title="bbox 142 2791 1352 3068">
     <span class='ocr_line' id='line_1_21' title="bbox 191 2791 1351 2879; baseline 0.003 -26"><span class='ocrx_word' id='word_1_132' title='bbox 191 2792 268 2855; x_wconf 89' lang='lat' dir='ltr'>Item</span> <span class='ocrx_word' id='word_1_133' title='bbox 293 2792 442 2853; x_wconf 90' lang='lat' dir='ltr'>Vrbanus</span> <span class='ocrx_word' id='word_1_134' title='bbox 467 2791 624 2872; x_wconf 87' lang='lat' dir='ltr'>quosdam</span> <span class='ocrx_word' id='word_1_135' title='bbox 649 2805 755 2870; x_wconf 87' lang='lat' dir='ltr'>testes,</span> <span class='ocrx_word' id='word_1_136' title='bbox 783 2791 933 2855; x_wconf 89' lang='lat' dir='ltr'>videlicet</span> <span class='ocrx_word' id='word_1_137' title='bbox 957 2793 1158 2876; x_wconf 90' lang='lat' dir='ltr'>Stephanum</span> <span class='ocrx_word' id='word_1_138' title='bbox 1184 2794 1351 2879; x_wconf 89' lang='lat' dir='ltr'>Pundych,</span> 
     </span>
     <span class='ocr_line' id='line_1_22' title="bbox 142 2898 1352 2981; baseline 0.002 -20"><span class='ocrx_word' id='word_1_139' title='bbox 142 2900 280 2981; x_wconf 75' lang='lat' dir='ltr'>egorium</span> <span class='ocrx_word' id='word_1_140' title='bbox 303 2898 408 2960; x_wconf 87' lang='lat' dir='ltr'>filium</span> <span class='ocrx_word' id='word_1_141' title='bbox 432 2918 538 2977; x_wconf 87' lang='lat' dir='ltr'>suum,</span> <span class='ocrx_word' id='word_1_142' title='bbox 563 2898 737 2960; x_wconf 89' lang='lat' dir='ltr'>Martinum</span> <span class='ocrx_word' id='word_1_143' title='bbox 763 2899 1008 2981; x_wconf 86' lang='lat' dir='ltr'>carpentarium,</span> <span class='ocrx_word' id='word_1_144' title='bbox 1032 2901 1168 2963; x_wconf 88' lang='lat' dir='ltr'>Paulum</span> <span class='ocrx_word' id='word_1_145' title='bbox 1192 2900 1352 2963; x_wconf 89' lang='lat' dir='ltr'>decanum</span> 
     </span>
     <span class='ocr_line' id='line_1_23' title="bbox 142 3004 832 3068; baseline -0.001 0"><span class='ocrx_word' id='word_1_146' title='bbox 142 3004 325 3068; x_wconf 87' lang='lat' dir='ltr'>Dionisium</span> <span class='ocrx_word' id='word_1_147' title='bbox 349 3019 464 3066; x_wconf 88' lang='lat' dir='ltr'>octavo</span> <span class='ocrx_word' id='word_1_148' title='bbox 488 3004 540 3066; x_wconf 95' lang='lat' dir='ltr'>die</span> <span class='ocrx_word' id='word_1_149' title='bbox 564 3017 701 3066; x_wconf 87' lang='lat' dir='ltr'>statuere</span> <span class='ocrx_word' id='word_1_150' title='bbox 726 3004 832 3068; x_wconf 89' lang='lat' dir='ltr'>debet.</span> 
     </span>
    </p>

    <p class='ocr_par' dir='ltr' id='par_1_13' title="bbox 142 3110 1351 3510">
     <span class='ocr_line' id='line_1_24' title="bbox 189 3110 1351 3194; baseline 0.002 -21"><span class='ocrx_word' id='word_1_151' title='bbox 189 3112 292 3189; x_wconf 91' lang='lat' dir='ltr'>Nota,</span> <span class='ocrx_word' id='word_1_152' title='bbox 325 3110 413 3192; x_wconf 94' lang='lat' dir='ltr'>quod</span> <span class='ocrx_word' id='word_1_153' title='bbox 438 3129 497 3171; x_wconf 89' lang='lat' dir='ltr'>nos</span> <span class='ocrx_word' id='word_1_154' title='bbox 529 3110 561 3171; x_wconf 91' lang='lat' dir='ltr'>iu</span> <span class='ocrx_word' id='word_1_155' title='bbox 592 3110 735 3191; x_wconf 89' lang='lat' dir='ltr'>generali</span> <span class='ocrx_word' id='word_1_156' title='bbox 769 3124 878 3173; x_wconf 91' lang='lat' dir='ltr'>nostro</span> <span class='ocrx_word' id='word_1_157' title='bbox 910 3111 1047 3173; x_wconf 89' lang='lat' dir='ltr'>consilio</span> <span class='ocrx_word' id='word_1_158' title='bbox 1080 3111 1190 3174; x_wconf 87' lang='lat' dir='ltr'>habito</span> <span class='ocrx_word' id='word_1_159' title='bbox 1227 3112 1351 3194; x_wconf 79' lang='lat' dir='ltr'>Agathe</span> 
     </span>
     <span class='ocr_line' id='line_1_25' title="bbox 142 3215 1351 3301; baseline 0 -21"><span class='ocrx_word' id='word_1_160' title='bbox 142 3240 148 3280; x_wconf 72' lang='grc' dir='ltr'><strong><em>ε</em></strong></span> <span class='ocrx_word' id='word_1_161' title='bbox 172 3217 316 3279; x_wconf 88' lang='lat' dir='ltr'>Francek</span> <span class='ocrx_word' id='word_1_162' title='bbox 340 3236 399 3298; x_wconf 94' lang='lat' dir='ltr'>pro</span> <span class='ocrx_word' id='word_1_163' title='bbox 423 3216 487 3277; x_wconf 92' lang='lat' dir='ltr'>suis</span> <span class='ocrx_word' id='word_1_164' title='bbox 512 3216 692 3277; x_wconf 87' lang='lat' dir='ltr'>excessibus</span> <span class='ocrx_word' id='word_1_165' title='bbox 707 3216 848 3297; x_wconf 79' lang='lat' dir='ltr'>graciam</span> <span class='ocrx_word' id='word_1_166' title='bbox 873 3217 1045 3300; x_wconf 88' lang='lat' dir='ltr'>specialem</span> <span class='ocrx_word' id='word_1_167' title='bbox 1071 3215 1215 3296; x_wconf 86' lang='lat' dir='ltr'>fecimus,</span> <span class='ocrx_word' id='word_1_168' title='bbox 1232 3231 1267 3280; x_wconf 91' lang='lat' dir='ltr'>ut</span> <span class='ocrx_word' id='word_1_169' title='bbox 1283 3218 1351 3301; x_wconf 91' lang='lat' dir='ltr'>ipsa</span> 
     </span>
     <span class='ocr_line' id='line_1_26' title="bbox 142 3321 1351 3408; baseline -0.001 -21"><span class='ocrx_word' id='word_1_170' title='bbox 142 3343 210 3408; x_wconf 80' lang='lat' dir='ltr'>iper</span> <span class='ocrx_word' id='word_1_171' title='bbox 232 3322 433 3405; x_wconf 90' lang='lat' dir='ltr'>temporibus</span> <span class='ocrx_word' id='word_1_172' title='bbox 456 3321 618 3405; x_wconf 88' lang='lat' dir='ltr'>perpetuis</span> <span class='ocrx_word' id='word_1_173' title='bbox 641 3321 742 3383; x_wconf 88' lang='lat' dir='ltr'>libere</span> <span class='ocrx_word' id='word_1_174' title='bbox 766 3337 797 3384; x_wconf 95' lang='lat' dir='ltr'>et</span> <span class='ocrx_word' id='word_1_175' title='bbox 824 3342 934 3385; x_wconf 90' lang='lat' dir='ltr'>secure</span> <span class='ocrx_word' id='word_1_176' title='bbox 958 3322 991 3384; x_wconf 92' lang='lat' dir='ltr'>in</span> <span class='ocrx_word' id='word_1_177' title='bbox 1017 3336 1159 3385; x_wconf 91' lang='lat' dir='ltr'>nostram</span> <span class='ocrx_word' id='word_1_178' title='bbox 1185 3323 1351 3386; x_wconf 86' lang='lat' dir='ltr'>civitatem</span> 
     </span>
     <span class='ocr_line' id='line_1_27' title="bbox 142 3428 1019 3510; baseline 0.002 -19"><span class='ocrx_word' id='word_1_179' title='bbox 142 3430 207 3492; x_wconf 80' lang='lat' dir='ltr'>eius</span> <span class='ocrx_word' id='word_1_180' title='bbox 230 3428 426 3490; x_wconf 91' lang='lat' dir='ltr'>territorium</span> <span class='ocrx_word' id='word_1_181' title='bbox 451 3428 568 3489; x_wconf 91' lang='lat' dir='ltr'>intrare</span> <span class='ocrx_word' id='word_1_182' title='bbox 592 3428 693 3510; x_wconf 91' lang='lat' dir='ltr'>possit</span> <span class='ocrx_word' id='word_1_183' title='bbox 716 3441 748 3490; x_wconf 96' lang='lat' dir='ltr'>et</span> <span class='ocrx_word' id='word_1_184' title='bbox 770 3448 878 3492; x_wconf 89' lang='lat' dir='ltr'>secure</span> <span class='ocrx_word' id='word_1_185' title='bbox 902 3429 1019 3494; x_wconf 91' lang='lat' dir='ltr'>veniat.</span> 
     </span>
    </p>

    <p class='ocr_par' dir='ltr' id='par_1_14' title="bbox 142 3533 1351 3725">
     <span class='ocr_line' id='line_1_28' title="bbox 191 3533 1351 3600; baseline 0.003 -4"><span class='ocrx_word' id='word_1_186' title='bbox 191 3535 269 3597; x_wconf 91' lang='lat' dir='ltr'>ltem</span> <span class='ocrx_word' id='word_1_187' title='bbox 301 3547 396 3596; x_wconf 90' lang='lat' dir='ltr'>testes</span> <span class='ocrx_word' id='word_1_188' title='bbox 428 3545 558 3598; x_wconf 87' lang='lat' dir='ltr'>causam</span> <span class='ocrx_word' id='word_1_189' title='bbox 581 3533 672 3595; x_wconf 91' lang='lat' dir='ltr'>Pauli</span> <span class='ocrx_word' id='word_1_190' title='bbox 705 3535 822 3597; x_wconf 90' lang='lat' dir='ltr'>sutoris</span> <span class='ocrx_word' id='word_1_191' title='bbox 854 3550 963 3597; x_wconf 91' lang='lat' dir='ltr'>contra</span> <span class='ocrx_word' id='word_1_192' title='bbox 996 3535 1176 3598; x_wconf 88' lang='lat' dir='ltr'>Johaunem</span> <span class='ocrx_word' id='word_1_193' title='bbox 1209 3549 1351 3600; x_wconf 90' lang='lat' dir='ltr'>sutorem</span> 
     </span>
     <span class='ocr_line' id='line_1_29' title="bbox 142 3639 1284 3725; baseline 0.003 -22"><span class='ocrx_word' id='word_1_194' title='bbox 142 3660 185 3721; x_wconf 89' lang='lat' dir='ltr'>ue</span> <span class='ocrx_word' id='word_1_195' title='bbox 210 3640 251 3703; x_wconf 90' lang='lat' dir='ltr'>ad</span> <span class='ocrx_word' id='word_1_196' title='bbox 274 3641 410 3702; x_wconf 90' lang='lat' dir='ltr'>tercium</span> <span class='ocrx_word' id='word_1_197' title='bbox 435 3639 522 3702; x_wconf 87' lang='lat' dir='ltr'>diem</span> <span class='ocrx_word' id='word_1_198' title='bbox 546 3639 696 3702; x_wconf 88' lang='lat' dir='ltr'>videlicet</span> <span class='ocrx_word' id='word_1_199' title='bbox 720 3640 761 3701; x_wconf 89' lang='lat' dir='ltr'>ad</span> <span class='ocrx_word' id='word_1_200' title='bbox 790 3639 901 3703; x_wconf 83' lang='lat' dir='ltr'>feriam</span> <span class='ocrx_word' id='word_1_201' title='bbox 926 3642 1059 3703; x_wconf 89' lang='lat' dir='ltr'>terciam</span> <span class='ocrx_word' id='word_1_202' title='bbox 1085 3656 1284 3725; x_wconf 89' lang='lat' dir='ltr'>receperunt.</span> 
     </span>
    </p>

    <p class='ocr_par' dir='ltr' id='par_1_15' title="bbox 142 3744 1351 3936">
     <span class='ocr_line' id='line_1_30' title="bbox 192 3744 1351 3831; baseline 0.002 -22"><span class='ocrx_word' id='word_1_203' title='bbox 192 3747 270 3809; x_wconf 90' lang='lat' dir='ltr'>Item</span> <span class='ocrx_word' id='word_1_204' title='bbox 302 3765 396 3808; x_wconf 89' lang='lat' dir='ltr'>causa</span> <span class='ocrx_word' id='word_1_205' title='bbox 422 3744 540 3828; x_wconf 90' lang='lat' dir='ltr'>Philipi</span> <span class='ocrx_word' id='word_1_206' title='bbox 573 3744 662 3827; x_wconf 86' lang='lat' dir='ltr'>figuli</span> <span class='ocrx_word' id='word_1_207' title='bbox 696 3760 806 3809; x_wconf 89' lang='lat' dir='ltr'>contra</span> <span class='ocrx_word' id='word_1_208' title='bbox 829 3746 1011 3809; x_wconf 89' lang='lat' dir='ltr'>Johaunem</span> <span class='ocrx_word' id='word_1_209' title='bbox 1044 3768 1146 3831; x_wconf 91' lang='lat' dir='ltr'>usque</span> <span class='ocrx_word' id='word_1_210' title='bbox 1176 3748 1217 3809; x_wconf 88' lang='lat' dir='ltr'>ad</span> <span class='ocrx_word' id='word_1_211' title='bbox 1239 3747 1351 3811; x_wconf 83' lang='lat' dir='ltr'>feriam</span> 
     </span>
     <span class='ocr_line' id='line_1_31' title="bbox 142 3854 495 3936; baseline -0.011 -20"><span class='ocrx_word' id='word_1_212' title='bbox 142 3854 219 3916; x_wconf 88' lang='lat' dir='ltr'>:iam</span> <span class='ocrx_word' id='word_1_213' title='bbox 243 3866 289 3914; x_wconf 88' lang='lat' dir='ltr'>est</span> <span class='ocrx_word' id='word_1_214' title='bbox 312 3865 495 3936; x_wconf 92' lang='lat' dir='ltr'>prorogata.</span> 
     </span>
    </p>

    <p class='ocr_par' dir='ltr' id='par_1_16' title="bbox 191 3959 1352 4043">
     <span class='ocr_line' id='line_1_32' title="bbox 191 3959 1352 4043; baseline 0.001 -21"><span class='ocrx_word' id='word_1_215' title='bbox 191 3960 270 4022; x_wconf 91' lang='lat' dir='ltr'>ltem</span> <span class='ocrx_word' id='word_1_216' title='bbox 295 3961 380 4021; x_wconf 90' lang='lat' dir='ltr'>lwan</span> <span class='ocrx_word' id='word_1_217' title='bbox 405 3971 493 4020; x_wconf 93' lang='lat' dir='ltr'>sutor</span> <span class='ocrx_word' id='word_1_218' title='bbox 515 3972 626 4019; x_wconf 90' lang='lat' dir='ltr'>contra</span> <span class='ocrx_word' id='word_1_219' title='bbox 651 3959 781 4021; x_wconf 88' lang='lat' dir='ltr'>Petrum</span> <span class='ocrx_word' id='word_1_220' title='bbox 805 3959 911 4042; x_wconf 94' lang='lat' dir='ltr'>primo</span> <span class='ocrx_word' id='word_1_221' title='bbox 928 3960 1042 4021; x_wconf 90' lang='lat' dir='ltr'>citatus</span> <span class='ocrx_word' id='word_1_222' title='bbox 1066 3980 1130 4022; x_wconf 91' lang='lat' dir='ltr'>non</span> <span class='ocrx_word' id='word_1_223' title='bbox 1162 3961 1352 4043; x_wconf 91' lang='lat' dir='ltr'>comparuit.</span> 
     </span>
    </p>

    <p class='ocr_par' dir='ltr' id='par_1_17' title="bbox 191 4064 1246 4148">
     <span class='ocr_line' id='line_1_33' title="bbox 191 4064 1246 4148; baseline 0.002 -21"><span class='ocrx_word' id='word_1_224' title='bbox 191 4066 270 4128; x_wconf 90' lang='lat' dir='ltr'>ltem</span> <span class='ocrx_word' id='word_1_225' title='bbox 296 4064 424 4148; x_wconf 89' lang='lat' dir='ltr'>Kupich</span> <span class='ocrx_word' id='word_1_226' title='bbox 450 4077 561 4127; x_wconf 88' lang='lat' dir='ltr'>contra</span> <span class='ocrx_word' id='word_1_227' title='bbox 586 4065 669 4126; x_wconf 86' lang='lat' dir='ltr'>lwan</span> <span class='ocrx_word' id='word_1_228' title='bbox 695 4066 800 4148; x_wconf 90' lang='lat' dir='ltr'>primo</span> <span class='ocrx_word' id='word_1_229' title='bbox 824 4066 937 4127; x_wconf 83' lang='lat' dir='ltr'>citatus</span> <span class='ocrx_word' id='word_1_230' title='bbox 966 4086 1032 4128; x_wconf 90' lang='lat' dir='ltr'>non</span> <span class='ocrx_word' id='word_1_231' title='bbox 1057 4067 1246 4148; x_wconf 91' lang='lat' dir='ltr'>comparuit.</span> 
     </span>
    </p>

    <p class='ocr_par' dir='ltr' id='par_1_18' title="bbox 144 4172 1353 4342">
     <span class='ocr_line' id='line_1_34' title="bbox 190 4172 1353 4257; baseline 0.001 -23"><span class='ocrx_word' id='word_1_232' title='bbox 190 4172 270 4235; x_wconf 90' lang='lat' dir='ltr'>ltem</span> <span class='ocrx_word' id='word_1_233' title='bbox 295 4172 500 4234; x_wconf 88' lang='lat' dir='ltr'>Beharuarad</span> <span class='ocrx_word' id='word_1_234' title='bbox 532 4186 641 4235; x_wconf 88' lang='lat' dir='ltr'>contra</span> <span class='ocrx_word' id='word_1_235' title='bbox 667 4173 873 4257; x_wconf 89' lang='lat' dir='ltr'>Dragonyam</span> <span class='ocrx_word' id='word_1_236' title='bbox 898 4173 1003 4255; x_wconf 93' lang='lat' dir='ltr'>primo</span> <span class='ocrx_word' id='word_1_237' title='bbox 1036 4174 1150 4235; x_wconf 88' lang='lat' dir='ltr'>citatus</span> <span class='ocrx_word' id='word_1_238' title='bbox 1175 4194 1240 4235; x_wconf 92' lang='lat' dir='ltr'>non</span> <span class='ocrx_word' id='word_1_239' title='bbox 1264 4194 1353 4235; x_wconf 88' lang='lat' dir='ltr'>com·</span> 
     </span>
     <span class='ocr_line' id='line_1_35' title="bbox 144 4279 203 4342; baseline 0.017 -1"><span class='ocrx_word' id='word_1_240' title='bbox 144 4279 203 4342; x_wconf 88' lang='lat' dir='ltr'>uit.</span> 
     </span>
    </p>

    <p class='ocr_par' dir='ltr' id='par_1_19' title="bbox 191 4382 1308 4467">
     <span class='ocr_line' id='line_1_36' title="bbox 191 4382 1308 4467; baseline 0 -20"><span class='ocrx_word' id='word_1_241' title='bbox 191 4386 268 4447; x_wconf 89' lang='lat' dir='ltr'>Item</span> <span class='ocrx_word' id='word_1_242' title='bbox 294 4386 432 4447; x_wconf 89' lang='lat' dir='ltr'>Jacobus</span> <span class='ocrx_word' id='word_1_243' title='bbox 456 4383 585 4466; x_wconf 84' lang='lat' dir='ltr'>pellifex</span> <span class='ocrx_word' id='word_1_244' title='bbox 611 4400 721 4447; x_wconf 90' lang='lat' dir='ltr'>contra</span> <span class='ocrx_word' id='word_1_245' title='bbox 746 4385 832 4467; x_wconf 90' lang='lat' dir='ltr'>Span</span> <span class='ocrx_word' id='word_1_246' title='bbox 863 4382 941 4447; x_wconf 85' lang='lat' dir='ltr'>feria</span> <span class='ocrx_word' id='word_1_247' title='bbox 966 4386 1065 4448; x_wconf 92' lang='lat' dir='ltr'>tercia</span> <span class='ocrx_word' id='word_1_248' title='bbox 1089 4384 1308 4467; x_wconf 90' lang='lat' dir='ltr'>respondebit.</span> 
     </span>
    </p>

    <p class='ocr_par' dir='ltr' id='par_1_20' title="bbox 193 4489 1286 4574">
     <span class='ocr_line' id='line_1_37' title="bbox 193 4489 1286 4574; baseline 0.002 -23"><span class='ocrx_word' id='word_1_249' title='bbox 193 4490 271 4552; x_wconf 90' lang='lat' dir='ltr'>Item</span> <span class='ocrx_word' id='word_1_250' title='bbox 295 4492 438 4554; x_wconf 88' lang='lat' dir='ltr'>Rosman</span> <span class='ocrx_word' id='word_1_251' title='bbox 464 4506 572 4553; x_wconf 91' lang='lat' dir='ltr'>contra</span> <span class='ocrx_word' id='word_1_252' title='bbox 599 4489 706 4552; x_wconf 85' lang='lat' dir='ltr'>Mathe</span> <span class='ocrx_word' id='word_1_253' title='bbox 730 4491 835 4572; x_wconf 88' lang='lat' dir='ltr'>primo</span> <span class='ocrx_word' id='word_1_254' title='bbox 860 4491 974 4553; x_wconf 91' lang='lat' dir='ltr'>citatus</span> <span class='ocrx_word' id='word_1_255' title='bbox 1008 4511 1072 4553; x_wconf 92' lang='lat' dir='ltr'>non</span> <span class='ocrx_word' id='word_1_256' title='bbox 1097 4492 1286 4574; x_wconf 93' lang='lat' dir='ltr'>comparuit.</span> 
     </span>
    </p>

    <p class='ocr_par' dir='ltr' id='par_1_21' title="bbox 142 4595 1354 4786">
     <span class='ocr_line' id='line_1_38' title="bbox 193 4595 1354 4678; baseline 0 -19"><span class='ocrx_word' id='word_1_257' title='bbox 193 4597 271 4660; x_wconf 89' lang='lat' dir='ltr'>ltem</span> <span class='ocrx_word' id='word_1_258' title='bbox 303 4617 396 4660; x_wconf 90' lang='lat' dir='ltr'>causa</span> <span class='ocrx_word' id='word_1_259' title='bbox 429 4596 576 4678; x_wconf 82' lang='lat' dir='ltr'>Gregorii</span> <span class='ocrx_word' id='word_1_260' title='bbox 609 4611 720 4658; x_wconf 88' lang='lat' dir='ltr'>contra</span> <span class='ocrx_word' id='word_1_261' title='bbox 753 4597 897 4659; x_wconf 88' lang='lat' dir='ltr'>relictam</span> <span class='ocrx_word' id='word_1_262' title='bbox 921 4595 1136 4660; x_wconf 89' lang='lat' dir='ltr'>Zrebernicha</span> <span class='ocrx_word' id='word_1_263' title='bbox 1169 4597 1209 4659; x_wconf 97' lang='lat' dir='ltr'>ad</span> <span class='ocrx_word' id='word_1_264' title='bbox 1242 4597 1354 4660; x_wconf 85' lang='lat' dir='ltr'>feriam</span> 
     </span>
     <span class='ocr_line' id='line_1_39' title="bbox 142 4702 493 4786; baseline 0 -21"><span class='ocrx_word' id='word_1_265' title='bbox 142 4702 219 4765; x_wconf 84' lang='lat' dir='ltr'>ciam</span> <span class='ocrx_word' id='word_1_266' title='bbox 243 4717 290 4766; x_wconf 91' lang='lat' dir='ltr'>est</span> <span class='ocrx_word' id='word_1_267' title='bbox 313 4717 493 4786; x_wconf 91' lang='lat' dir='ltr'>prorogata.</span> 
     </span>
    </p>

    <p class='ocr_par' dir='ltr' id='par_1_22' title="bbox 193 4808 1353 4891">
     <span class='ocr_line' id='line_1_40' title="bbox 193 4808 1353 4891; baseline 0.001 -21"><span class='ocrx_word' id='word_1_268' title='bbox 193 4809 272 4872; x_wconf 93' lang='lat' dir='ltr'>ltem</span> <span class='ocrx_word' id='word_1_269' title='bbox 296 4810 415 4872; x_wconf 89' lang='lat' dir='ltr'>Paulus</span> <span class='ocrx_word' id='word_1_270' title='bbox 439 4823 527 4872; x_wconf 88' lang='lat' dir='ltr'>sutor</span> <span class='ocrx_word' id='word_1_271' title='bbox 550 4823 659 4871; x_wconf 88' lang='lat' dir='ltr'>contra</span> <span class='ocrx_word' id='word_1_272' title='bbox 685 4808 780 4871; x_wconf 89' lang='lat' dir='ltr'>Frich</span> <span class='ocrx_word' id='word_1_273' title='bbox 804 4808 909 4891; x_wconf 91' lang='lat' dir='ltr'>primo</span> <span class='ocrx_word' id='word_1_274' title='bbox 933 4809 1048 4871; x_wconf 92' lang='lat' dir='ltr'>citatus</span> <span class='ocrx_word' id='word_1_275' title='bbox 1073 4828 1137 4871; x_wconf 92' lang='lat' dir='ltr'>non</span> <span class='ocrx_word' id='word_1_276' title='bbox 1162 4808 1353 4891; x_wconf 89' lang='lat' dir='ltr'>comparuit.</span> 
     </span>
    </p>

    <p class='ocr_par' dir='ltr' id='par_1_23' title="bbox 1232 4902 1248 4936">
     <span class='ocr_line' id='line_1_41' title="bbox 1232 4902 1248 4936; baseline 0 -7"><span class='ocrx_word' id='word_1_277' title='bbox 1232 4902 1248 4936; x_wconf 65' lang='lat' dir='ltr'>ar</span> 
     </span>
    </p>
   </div>
   <div class='ocr_carea' id='block_1_7' title="bbox 0 0 1707 5362">
    <p class='ocr_par' dir='ltr' id='par_1_24' title="bbox 0 0 1707 5362">
     <span class='ocr_line' id='line_1_42' title="bbox 0 0 1707 5362; baseline 0 0"><span class='ocrx_word' id='word_1_278' title='bbox 0 0 1707 5362; x_wconf 95' lang='lat' dir='ltr'> </span> 
     </span>
    </p>
   </div>
  </div>
 </body>
</html>
