3404 5362
530 425 732 505 Ann01378.
758 461 799 471 -
823 442 852 488 2.
876 429 990 501 aprilis.
1337 451 1393 510 115

232 637 310 699 Item
341 638 526 700 Anthonius
556 659 613 722 per
644 638 787 700 Blasium
819 652 850 700 et
876 638 980 699 Eliam
1012 636 1089 699 feria
1120 639 1218 701 tercia
1249 641 1397 703 atestabit

129 765 222 828 super
239 764 290 823 eo,
303 744 392 825 quod
409 744 470 806 sibi
484 744 640 806 Salomon
658 743 821 825 quendam
838 744 965 805 vineam
976 763 1033 826 per
1045 763 1148 806 annos
1164 758 1227 807 tres
1244 744 1394 811 dedisset.

230 850 311 913 Item
335 850 498 913 Iohannes
521 863 623 912 sartor
646 863 756 911 contra
780 849 959 931 Georgium
984 850 1156 913 Mikouche
1181 851 1323 913 secundo
1349 852 1393 914 ci·

128 970 209 1018 tatus
232 976 299 1018 non
324 957 505 1038 comparuit

233 1062 312 1124 Item
337 1062 433 1125 Clara
457 1062 575 1123 mulier
590 1062 781 1125 secundario
799 1061 838 1122 ad
867 1061 1161 1144 proclamacionem
1186 1082 1393 1126 communem

125 1188 191 1230 non
215 1169 404 1250 comparuit.

231 1275 310 1338 Item
346 1273 419 1341 Noz
453 1274 531 1337 Iuan
565 1274 744 1337 Laurencio
771 1272 897 1336 GaIIIco
933 1275 962 1336 X
994 1294 1116 1337 marcas
1153 1275 1185 1337 in
1221 1276 1394 1357 quindenis

125 1383 296 1465 persolvet.

231 1487 309 1551 Item
335 1486 512 1568 Gregorius
534 1501 637 1548 sartor
661 1501 770 1548 contra
795 1487 976 1566 Miclinum‚
1009 1485 1187 1569 Georgium
1212 1502 1243 1551 et
1265 1489 1391 1551 Antho-

126 1594 216 1656 nium
239 1613 413 1657 assessores
436 1593 542 1675 primo
567 1593 680 1655 citatus
704 1613 770 1655 non
795 1593 984 1676 comparuit.

232 1701 312 1763 Item
337 1699 466 1763 Gerdalr
491 1711 601 1761 contra
626 1692 791 1781 Fil'ippum
813 1699 956 1760 secundo
981 1700 1095 1761 citatus
1110 1719 1176 1762 non
1202 1701 1392 1783 comparuit.

230 1806 311 1869 Item
334 1807 448 1868 Petrus
470 1803 556 1867 filius
580 1804 688 1867 Mathe
720 1817 830 1866 contra
854 1806 1002 1867 Markum
1026 1803 1148 1868 Gemez
1172 1805 1316 1869 secundo
1348 1807 1392 1869 ci·

121 1925 207 1975 tatus
230 1933 295 1976 non
320 1911 511 1983 comparuit.

229 2020 308 2082 Item
326 2020 413 2081 Luca
431 2017 570 2080 carnifex
587 2030 697 2079 contra
714 2017 849 2078 luanum
862 2016 968 2098 prImo
984 2016 1098 2078 citatus
1114 2036 1178 2078 non
1197 2018 1388 2099 comparuit.

230 2126 308 2189 Item
333 2126 404 2187 Noz
422 2125 498 2186 Iuan
522 2138 632 2185 contra
649 2123 821 2185 Nicolaum
845 2121 948 2185 filium
965 2123 1090 2185 Nicolai
1107 2123 1249 2186 secundo
1276 2124 1389 2186 citatus

123 2252 188 2295 non
214 2232 404 2315 comparuit.

229 2339 308 2401 Item
332 2337 487 2400 Nicolaus
510 2350 620 2399 contra
644 2335 815 2398 Radenum
841 2335 946 2418 prImo
974 2336 1088 2398 citatus
1108 2355 1174 2398 non
1199 2337 1390 2418 comparuit.

229 2446 307 2507 Item
338 2445 493 2507 Nicolaus
524 2441 609 2505 filius
639 2443 765 2504 Nicolai
797 2456 907 2504 contra
936 2442 1113 2504 Renarium
1136 2443 1242 2525 primo
1275 2442 1390 2504 citatus

120 2571 188 2614 non
213 2551 403 2635 comparuit.

228 2656 307 2720 Item
331 2657 489 2719 Martinus
512 2655 729 2738 carpentarius
761 2669 871 2718 contra
894 2657 1115 2719 Alexandrum
1147 2657 1253 2740 primo
1278 2656 1390 2719 citatus

120 2784 188 2826 non
213 2764 403 2846 comparuit.

227 2870 306 2932 Item
321 2870 430 2933 Mathe
443 2869 570 2932 Crisani
582 2882 691 2931 contra
707 2869 814 2932 Eliam
826 2871 968 2933 secundo
986 2872 1099 2933 citatus
1116 2890 1181 2933 non
1199 2869 1389 2952 comparuit.

226 2976 305 3039 Item
338 2976 496 3039 Martinus
519 2989 550 3039 et
574 2977 698 3038 Mareas
714 2990 826 3039 contra
850 2978 955 3039 Eliam
980 2978 1085 3060 primo
1102 2978 1189 3040 citati
1212 2996 1278 3039 non
1302 2996 1388 3038 com·

117 3096 307 3165 paruerunt.

228 3189 305 3251 Item
330 3208 387 3271 per
409 3201 510 3250 totam
535 3189 801 3252 communitatem
825 3189 884 3252 luit
908 3189 1031 3253 editum
1056 3204 1086 3252 et
1110 3203 1275 3268 statutum,
1299 3190 1389 3273 quod

116 3295 394 3378 quandocumque
419 3295 621 3377 Margaretha
646 3295 772 3375 mulier,
797 3296 888 3358 cuius
904 3297 1047 3359 auricula
1064 3316 1126 3359 uns
1151 3310 1199 3360 est
1221 3297 1331 3376 incisa,
1356 3297 1387 3358 in

111 3401 246 3463 civitate
270 3399 367 3463 luerit
389 3401 592 3483 reprehensa,
616 3401 770 3485 suspendi
795 3402 926 3465 debebit
949 3423 988 3465 eo
1013 3401 1107 3465 Iacto.

224 3506 303 3570 Item
328 3526 422 3569 causa
447 3506 601 3589 Stephani
626 3521 656 3568 et
685 3507 842 3570 Anthonii
868 3509 979 3593 Renyz
1010 3529 1105 3591 super
1129 3508 1269 3591 quadam
1293 3510 1388 3573 vinea

113 3626 166 3674 est
190 3612 231 3674 ad
254 3626 328 3675 octo
353 3612 421 3674 dies
445 3625 616 3694 prorogata
647 3613 688 3675 ad
712 3613 892 3677 exhibenda
923 3615 1135 3679 instrumenta
1160 3635 1217 3697 per
1242 3615 1384 3679 eosdem.

225 3717 304 3781 Item
328 3718 354 3780 si
380 3718 529 3802 Mychael
553 3718 693 3802 Ortophi
718 3738 791 3782 cum
816 3722 1047 3784 mercatoribus
1070 3722 1275 3785 Budensibus
1299 3742 1387 3785 com·

117 3825 270 3906 probabit
292 3825 325 3887 in
350 3843 401 3904 eo,
431 3825 520 3907 quod
552 3826 711 3888 Renarius
734 3826 775 3887 III
806 3846 920 3909 pensas
945 3828 1020 3910 Ipsis
1051 3829 1208 3890 concessit
1238 3848 1296 3911 pro
1320 3848 1386 3891 uno

119 3929 254 4010 floreno,
277 3943 354 3992 tunc
378 3930 535 4009 iusticiam
553 3929 707 3994 iaciemus
728 3931 811 3994 inter
828 3933 913 4016 ipsos
938 3933 977 3996 de
1001 3934 1168 4016 vituperiis
1184 3935 1386 3997 eorumdem.

303 4148 400 4223 Ierla
428 4159 526 4224 sexta
563 4155 718 4241 proxima
745 4161 823 4224 ante
851 4153 1050 4225 dominicam
1072 4153 1203 4243 Judica.

659 4302 704 4385 (2.
728 4308 856 4381 aprus).

222 4444 332 4507 Primo
350 4443 527 4527 Gregorius
544 4461 654 4508 contra
670 4446 842 4508 Nicolaum
860 4447 964 4529 prImo
982 4446 1094 4508 citatus
1111 4466 1175 4508 non
1194 4449 1384 4530 comparuit.

222 4548 301 4612 Item
326 4569 419 4613 causa
449 4551 627 4615 Clementis
659 4566 691 4616 et
721 4553 854 4615 domine
879 4552 976 4616 luane
1001 4567 1047 4615 est
1077 4574 1135 4637 per
1160 4555 1327 4617 Marenum
1354 4568 1385 4618 et

122 4652 312 4738 Gregorium
337 4658 454 4739 Angeli
479 4658 519 4719 ad
545 4673 619 4722 octo
644 4659 713 4720 dies
734 4673 860 4743 recepta
885 4660 925 4722 ad
950 4680 1074 4742 pacem.

221 4779 299 4842 Item
324 4799 418 4843 causa
447 4781 603 4844 Iohannis
635 4783 751 4846 Lieber
782 4798 814 4847 et
837 4784 983 4847 Mauricii
1010 4797 1057 4846 est
1087 4804 1144 4864 per
1169 4786 1384 4850 Laurencium

122 4882 282 4948 Gallicum
306 4887 346 4948 ad
371 4901 445 4950 octo
469 4888 538 4951 dies
560 4903 685 4972 recepta
710 4889 750 4952 ad
775 4910 896 4973 pacem.

1259 4980 1277 5010 st
