3404 5362
215 429 276 510 362

319 637 397 700 Item
422 657 516 700 eausa
545 635 702 698 Anthonii
734 635 827 719 jurati
860 650 969 697 contra
1002 634 1117 717 Jaktyn
1142 633 1183 696 ad
1215 648 1370 697 octavum
1395 635 1481 697 diem

213 744 253 807 ad
279 763 390 828 pacem
415 757 462 805 ast
485 757 622 825 recepta.

323 850 401 912 Item
433 869 527 912 causa
559 847 714 911 iohannis
745 845 896 910 Pazarich
929 860 1037 909 contra
1071 846 1259 930 Gyaninum
1289 861 1321 909 et
1346 848 1484 931 Mykech

214 955 391 1039 (Magdich)
415 955 455 1017 ad
480 970 629 1017 octavum
653 954 740 1017 diem
764 967 811 1016 est
834 967 1016 1037 prorogata.

321 1061 400 1124 item
439 1080 532 1123 causa
565 1060 719 1123 Anthonii
753 1105 794 1124 ..
827 1074 938 1123 contra
972 1059 1164 1142 Gregorium
1197 1058 1333 1123 voschar
1357 1060 1400 1123 ad
1431 1081 1483 1124 oe·

213 1183 323 1232 tavum
348 1168 435 1230 diem
460 1183 506 1230 est
529 1180 712 1250 prorogata.

323 1276 400 1337 Item
426 1273 559 1357 Gyanus
584 1272 814 1355 Hudlepouich
831 1286 940 1334 contra
966 1273 1134 1335 Marenum
1159 1273 1265 1356 primo
1282 1273 1400 1337 citatus
1417 1294 1480 1337 non

214 1382 405 1464 comparuit.

322 1488 400 1550 Item
425 1486 532 1548 Endre
558 1486 623 1569 Syb
648 1499 757 1548 eontra
782 1486 906 1547 Jelkam
944 1486 1049 1568 primo
1067 1486 1181 1548 citatus
1203 1506 1267 1548 non
1293 1487 1482 1570 comparuit.

320 1594 397 1655 Item
419 1593 522 1654 Lucas
554 1606 663 1655 eontra
688 1593 844 1654 Jacobum
873 1591 1016 1654 secundo
1048 1593 1163 1654 citatus
1195 1612 1260 1654 non
1290 1594 1480 1677 comparuit.

322 1699 401 1762 Item
436 1699 522 1761 idem
544 1699 647 1760 Lucas
678 1711 789 1760 contra
822 1696 1021 1781 Stephanum
1053 1696 1230 1760 salivenam
1262 1699 1408 1762 secundo
1438 1700 1480 1762 ci-

213 1821 299 1871 tatus
323 1826 388 1869 non
412 1805 600 1889 comparuit.
1408 1874 1410 1878 .

320 1911 398 1974 Item
422 1912 533 1974 Petrus
564 1925 595 1973 et
619 1912 781 1974 Johannes
804 1926 914 1975 eontra
947 1911 1129 1974 Corardum
1163 1912 1268 1994 primo
1301 1912 1390 1975 citati
1416 1931 1478 2001 non

215 2031 475 2102 comparuerunt.

322 2124 399 2186 Item
425 2144 518 2186 causa
536 2124 704 2186 Laurencii
723 2123 861 2187 condam
885 2123 1000 2205 judicis
1017 2139 1126 2187 contra
1145 2125 1302 2187 Mathiam
1327 2138 1480 2188 sartorem

212 2232 252 2294 ad
277 2243 424 2293 octavum
448 2230 534 2292 diem
557 2230 597 2292 ad
622 2250 733 2313 pacem
758 2245 804 2292 est
828 2243 1010 2313 prorogata.

323 2338 400 2400 Item
425 2337 513 2419 quod
538 2337 613 2420 quia
639 2336 800 2399 Johannes
823 2336 909 2399 filius
934 2337 1013 2399 Bole
1038 2337 1070 2399 in
1094 2337 1258 2420 presencia
1283 2335 1403 2418 judicis
1431 2339 1481 2399 Jo-

213 2444 353 2507 hannem
378 2443 567 2520 verberavit,
585 2442 658 2504 ideo
680 2444 746 2525 ipse
772 2442 933 2504 Johannes
957 2442 1041 2504 filius
1066 2443 1144 2504 Bole
1169 2443 1201 2505 in
1226 2443 1340 2505 decem
1364 2443 1477 2506 marcis

214 2565 260 2613 est
292 2549 474 2626 convictus;
508 2549 573 2632 ipse
605 2562 712 2611 autem
744 2547 907 2612 Johannes
938 2547 1055 2610 dictam
1093 2568 1221 2611 causam
1256 2548 1297 2612 ad
1329 2551 1480 2634 antiquos

215 2655 337 2738 judices
361 2654 544 2738 appellavit.

832 2849 868 2914 3.

401 3015 496 3089 Feria
523 3026 622 3091 sexta
650 3020 804 3106 proxima
832 3026 910 3090 ante
938 3019 1138 3090 dominicam
1165 3018 1297 3110 judica.

324 3187 403 3249 item
428 3232 435 3247 .
461 3233 468 3247 .
493 3186 578 3249 filius
603 3185 710 3247 Mathe
735 3186 901 3250 Anthonio
935 3188 1033 3249 Renis
1057 3188 1143 3249 dicto
1176 3208 1279 3269 usque
1301 3189 1483 3271 quindenas

216 3293 312 3384 debet
335 3293 460 3354 solvere
485 3306 623 3373 quatuor
647 3291 716 3354 flor.
741 3293 809 3354 auri
834 3306 866 3355 ει
889 3293 1002 3355 decem
1027 3294 1186 3357 denarios.

322 3399 400 3461 Item
425 3447 431 3460 .
458 3446 465 3460 .
490 3398 619 3479 sellipar
654 3413 762 3460 contra
804 3399 963 3461 Briccium
999 3399 1188 3482 selliparum
1225 3402 1330 3484 primo
1369 3403 1483 3466 citatus

216 3525 282 3567 non
308 3505 498 3588 comparuit.

323 3613 400 3674 Item
425 3612 499 3693 quia
525 3611 668 3673 luaniam
685 3612 855 3674 mulierem
873 3612 952 3674 Kele
977 3614 1167 3694 verberavit,
1192 3614 1266 3676 ideo
1291 3615 1358 3697 ipse
1376 3616 1482 3679 eidem

217 3719 325 3780 luanie
350 3737 452 3800 usque
477 3717 657 3798 quindenas
681 3719 826 3801 quinque
851 3738 973 3780 marcas
996 3721 1120 3782 solvere
1145 3720 1251 3783 debet.

325 3824 402 3887 item
428 3824 590 3886 Johannes
621 3825 766 3887 literatus
799 3823 886 3887 Renf
915 3845 1016 3907 usque
1049 3826 1230 3907 quindenas
1264 3840 1339 3890 octo
1362 3848 1483 3891 marcas

216 3931 342 3993 solvere
367 3930 470 3993 debet.

323 4037 400 4098 item
426 4083 459 4099 ..
485 4050 594 4099 contra
619 4038 683 4099 Res
707 4037 811 4120 primo
836 4040 950 4101 citatus
974 4058 1039 4101 non
1064 4039 1254 4122 comparuit.

322 4143 400 4205 item
425 4162 518 4205 eausa
543 4144 700 4206 Anthonii
725 4158 834 4207 contra
859 4146 970 4207 Mareu
995 4145 1035 4207 ad
1052 4159 1126 4208 octo
1144 4145 1213 4208 dias
1237 4158 1285 4208 est
1299 4162 1481 4231 prorogata.

323 4249 401 4311 item
425 4269 519 4311 causa
544 4250 697 4333 Stephani
722 4251 863 4315 salivene
888 4268 999 4316 contra
1017 4253 1226 4316 Lourandum
1249 4254 1292 4316 ad
1316 4269 1392 4318 octo
1416 4256 1483 4320 dies

216 4371 263 4418 est
287 4370 468 4438 prorogata.

323 4462 401 4524 item
434 4462 596 4525 Johannes
627 4479 737 4526 contra
770 4464 958 4527 Malsicham
993 4466 1162 4528 mulierem
1203 4482 1317 4532 octavo
1350 4469 1403 4533 die
1434 4489 1481 4532 re·

215 4569 398 4652 spondebit.

322 4675 400 4737 Item
421 4674 591 4758 Gyaninus
615 4676 737 4759 juratus
753 4693 862 4740 contra
888 4680 1030 4741 Marcum
1049 4696 1164 4743 octavo
1185 4681 1238 4744 die
1261 4682 1479 4766 respondebit.

322 4781 400 4845 item
427 4802 520 4844 causa
545 4783 685 4867 Philippi
716 4797 826 4848 contra
859 4784 1038 4848 iohannem
1071 4785 1175 4849 filium
1200 4788 1319 4852 Donati
1343 4789 1384 4852 ad
1407 4801 1478 4853 octo

216 4885 285 4950 dies
308 4901 355 4951 est
378 4900 560 4972 prorogata.
