3404 5362
599 339 795 414 Ann01377.
819 371 863 381 —
883 350 917 412 9.
934 338 1085 412 januarii.

319 549 398 612 Item
423 548 562 632 Gyunga
587 549 703 611 mulier
727 550 888 632 penestica
912 562 958 609 est
982 568 1040 630 pro
1058 548 1219 630 premissis
1242 549 1409 631 vituperiis
1425 568 1478 631 per

216 654 337 736 juratos
361 656 505 737 qualibet
530 657 670 738 ipsarum
695 656 726 718 in
743 657 772 717 X
793 656 908 718 marcis
924 655 1071 717 convicta
1087 667 1119 716 et
1141 652 1239 734 judici
1263 654 1343 716 duas
1360 674 1479 717 marcas

216 760 422 824 denariorum
448 763 479 823 in
504 762 676 844 quindenis
699 762 853 825 soluture.

322 868 398 930 Item
423 888 516 930 causa
542 869 649 930 uxoris
673 867 821 950 Gregorii
842 867 959 949 Angeli
983 879 1014 929 et
1031 865 1170 949 Gyunge
1194 866 1339 929 mulieris
1362 878 1410 928 est
1425 885 1481 949 per

217 974 425 1037 Salomonem
449 990 563 1039 testem
587 975 628 1037 ad
659 976 799 1057 primurn
832 973 988 1055 judicium
1020 987 1092 1056 post
1116 973 1323 1036 Nativitatem
1356 971 1479 1035 domini

216 1097 342 1164 recepta
366 1082 407 1144 ad
431 1102 553 1164 pacem.

321 1188 397 1250 Item
423 1188 601 1249 Peterlinus
624 1202 754 1270 propter
778 1186 965 1270 nephariam
987 1188 1153 1250 accionem
1178 1205 1268 1248 suam
1292 1199 1403 1248 contra
1428 1185 1481 1247 Jo-

216 1291 355 1353 hannem
380 1292 505 1355 fabrum
523 1308 569 1354 est
587 1293 752 1354 convictus
768 1293 991 1355 communitati
1016 1293 1049 1354 in
1066 1293 1218 1376 premissa
1235 1311 1318 1374 pena
1341 1291 1373 1352 in
1391 1291 1481 1352 XXV

216 1399 330 1460 marcis
354 1399 570 1462 denariorum.

320 1505 397 1567 Item
423 1506 536 1567 Paulas
561 1520 670 1568 contra
688 1507 817 1568 Petrum
836 1507 1027 1586 Hungarum
1045 1507 1150 1587 primo
1175 1503 1295 1576 iudicio
1319 1517 1392 1585 post
1417 1503 1480 1565 Na·

215 1610 371 1672 tivitatem
407 1611 529 1672 domini
562 1613 708 1674 atestabit
739 1633 795 1695 per
828 1614 1002 1675 Martinum
1035 1613 1145 1693 ergani
1169 1626 1200 1672 et
1230 1609 1368 1693 Mykech
1393 1608 1480 1670 insti·

215 1730 318 1778 torem
343 1737 437 1800 super
462 1739 511 1796 eo,
543 1719 631 1799 quod
663 1719 748 1779 idem
782 1719 893 1780 Petrus
924 1718 1098 1800 Hungarus
1130 1719 1162 1779 in
1185 1717 1351 1799 Pethouya
1384 1734 1479 1777 suum

217 1824 407 1904 cappucium
433 1826 601 1906 recepisset
625 1825 813 1887 auctoritate
845 1826 1052 1907 potenciana,
1084 1839 1115 1886 et
1139 1843 1205 1905 quo
1236 1842 1293 1884 sue
1317 1821 1481 1904 placueret

214 1929 371 1990 voluntati
396 1928 531 1992 fecisset.

322 2034 399 2097 Item
426 2037 538 2097 Marko
571 2034 693 2098 Gemez
725 2050 836 2099 contra
860 2039 950 2099 Akus
980 2037 1085 2119 primo
1117 2035 1238 2117 judicio
1261 2032 1480 2116 respondebit.

322 2140 427 2203 Posita
453 2155 499 2203 est
522 2161 606 2223 pena
628 2143 710 2203 inter
733 2143 919 2223 magistrum
937 2143 1074 2205 Paulum
1098 2157 1129 2206 et
1153 2142 1243 2203 Mark
1267 2139 1357 2202 XXV
1374 2158 1481 2201 marce

214 2246 240 2307 si
265 2246 345 2309 alter
370 2248 506 2309 alterum
530 2249 629 2310 verbo
652 2249 704 2310 vel
728 2248 812 2311 facto
836 2249 1023 2312 offenderet.

284 2446 381 2521 Feria
409 2459 508 2522 sexta
535 2455 688 2542 proxima
716 2462 792 2542 post
819 2452 943 2524 festum
980 2451 1244 2543 Epiphaniamm
1272 2450 1408 2522 domini.

627 2590 839 2666 (Anno1377.
861 2601 895 2663 9.
911 2589 1074 2664 januaria).

321 2727 429 2789 Primo
454 2727 615 2790 Johannes
637 2730 703 2790 Vos
734 2744 845 2792 contra
876 2730 1049 2811 parlerium
1075 2728 1248 2812 lapicidam
1279 2740 1396 2790 octavo
1428 2726 1480 2788 die

215 2835 362 2896 atestabit
386 2834 513 2897 racione
536 2836 716 2896 testamenti
739 2835 848 2897 relicte
873 2836 982 2898 Jacobi
1007 2835 1136 2897 sartoris
1151 2854 1209 2917 per
1232 2834 1413 2897 Barnabam
1431 2853 1481 2894 sa·

214 2940 388 3019 cerdotem,
413 2942 598 3019 Martinum,
617 2942 784 3004 Miclinum
808 2955 963 3004 sartorem
987 2956 1017 3003 et
1034 2943 1197 3004 Tomkam
1221 2941 1392 3002 mulierem
1416 2960 1480 3022 que

215 3046 316 3128 ipsam
340 3046 521 3109 custodivit.

320 3152 398 3215 Item
423 3153 575 3216 Clemens
597 3167 686 3215 sutor
710 3168 820 3217 contra
845 3152 955 3216 Sibich
979 3168 1093 3216 octavo
1118 3153 1170 3215 die
1193 3152 1412 3235 respondebit.

323 3259 399 3322 item
424 3260 576 3321 Nicolaus
600 3260 792 3322 castellanus
816 3274 925 3322 contra
954 3259 1155 3344 Mychaelem
1180 3258 1339 3341 Damyani
1364 3271 1480 3320 octavo

215 3364 266 3426 die
291 3365 498 3447 respondebit
521 3367 649 3428 racione
674 3366 888 3448 quorumdam
913 3366 1121 3429 florenorum.

319 3471 396 3534 Item
422 3490 515 3533 causa
534 3473 648 3534 Paulas
672 3487 703 3534 et
727 3473 811 3535 Petri
829 3473 975 3554 Hungari
995 3487 1041 3533 est
1064 3492 1121 3554 per
1137 3470 1274 3554 Mykech
1299 3470 1479 3532 institorem

214 3591 245 3639 et
269 3577 443 3639 Martinam
468 3578 507 3640 ad
532 3594 605 3641 octo
630 3580 697 3642 dies
726 3593 851 3662 recepta
875 3580 916 3641 ad
942 3600 1064 3662 pacem.

320 3683 397 3744 Item
431 3703 522 3745 causa
556 3684 721 3747 cuiusdam
753 3685 894 3749 hominis
926 3699 973 3748 est
1003 3706 1059 3768 per
1094 3685 1202 3748 Sibich
1234 3698 1266 3747 et
1296 3682 1480 3746 iohannem

214 3786 411 3870 freniparum
436 3788 475 3850 ad
500 3804 574 3852 octo
598 3789 666 3852 dies
690 3807 816 3873 recepta
840 3792 881 3853 ad
904 3811 1027 3875 pacem.

321 3895 399 3956 item
424 3915 517 3957 causa
542 3898 631 3957 Akus
654 3911 685 3958 et
702 3898 865 3959 Markonis
887 3897 945 3960 filii
964 3898 1086 3961 Gemez
1110 3911 1157 3960 est
1179 3917 1235 3981 per
1259 3896 1414 3959 Malinich
1438 3896 1480 3959 ad

213 3997 325 4062 feriam
351 4000 480 4061 terciam
506 4002 684 4083 proximam
709 4017 835 4085 recepta
859 4004 899 4065 ad
924 4024 1045 4085 pacem.

319 4106 396 4167 Item
423 4107 541 4169 Paulus
564 4107 704 4169 carnifex
728 4110 833 4192 primo
857 4110 978 4191 judicio
1002 4130 1059 4193 per
1083 4111 1264 4190 Miclinum‚
1289 4110 1425 4173 luanum
1449 4125 1480 4172 et

218 4211 434 4293 Dragozlaum
467 4215 613 4276 atestabit
644 4235 740 4297 super
771 4235 820 4292 eo,
852 4217 939 4297 quod
972 4217 1076 4299 ipsum
1108 4216 1289 4299 Stephanus
1312 4215 1480 4279 familiaris

214 4317 453 4379 tricesimatoris
478 4319 509 4380 in
533 4318 612 4381 facie
637 4340 709 4381 cum
733 4323 851 4383 cutello
875 4321 1003 4385 fixisset.

319 4424 396 4486 Item
421 4426 571 4506 magister
594 4426 753 4488 Janchech
781 4427 941 4490 aurifaber
972 4444 1082 4490 contra
1114 4428 1282 4492 Elizabeth
1306 4429 1477 4491 mulierem

214 4528 292 4591 feria
316 4530 412 4591 tercia
437 4550 522 4592 nunc
546 4544 679 4594 ventura
704 4533 918 4615 respondebit.

319 4636 398 4698 Item
424 4637 559 4699 Mathias
583 4636 666 4699 filius
690 4641 829 4721 orosnyfr
861 4655 968 4702 contra
994 4640 1151 4703 Janchech
1184 4640 1383 4704 aurifabrum
1407 4662 1478 4724 pre·

214 4740 298 4804 dicta
322 4741 400 4804 feria
424 4743 520 4804 tercia
546 4743 762 4826 respondebit.

738 4882 950 4903 —Dbffl—
