3404 5362
572 326 771 404 Ann01376.
799 359 836 370 -
864 326 966 385 Mense
985 324 1101 384 martio.

318 537 395 598 Item
421 557 514 598 causa
541 535 689 616 Gregorii
723 549 753 595 ct
776 535 885 594 relicte
918 534 1096 595 sabastiani
1122 532 1232 596 estad
1264 532 1405 613 primum
1430 531 1479 612 ju·

212 642 330 703 dicium
357 657 428 723 post
451 642 626 704 adventum
651 639 775 702 Nicolai
804 639 928 701 Odolas
951 638 991 700 de
1016 640 1120 700 Roma
1144 650 1326 719 prorogata.

315 748 394 809 Item
423 747 585 810 Iohannes
623 746 759 828 pellipar
791 760 900 806 contra
936 744 1096 806 Briccium
1128 743 1234 825 primo
1265 743 1380 804 citatus
1412 762 1480 804 non

212 854 402 936 comparuit.

317 958 396 1020 Item
420 958 577 1020 Martinus
593 956 766 1038 Zequirich
783 969 898 1018 octavo
915 955 967 1016 die
991 975 1049 1037 per
1066 954 1218 1038 Gyurgek
1243 968 1274 1017 et
1299 953 1480 1036 Georgium

212 1063 441 1126 stationarium
466 1077 575 1125 contra
594 1062 785 1144 magistrum
802 1062 826 1122 F
830 1060 980 1122 rancham
1005 1059 1202 1122 aurifabrum
1220 1060 1368 1122 atestabit
1384 1079 1482 1142 super

213 1188 263 1247 eu,
287 1169 376 1250 quod
400 1169 461 1230 sibi
486 1167 626 1249 quedam
652 1168 863 1230 instrumenta
888 1165 1025 1228 IitcraIia
1051 1167 1250 1248 assignasset.

319 1276 397 1337 Item
428 1295 523 1336 causa
555 1274 690 1335 Vidonis
717 1289 747 1336 et
778 1273 897 1337 Cosme
937 1270 1089 1334 aurifabri
1122 1285 1169 1334 est
1202 1291 1259 1354 per
1289 1271 1481 1351 magistrum

213 1381 358 1444 Francha
382 1379 579 1442 aurifabrum
603 1379 643 1441 ad
668 1394 741 1442 octo
766 1380 833 1441 dies
855 1393 981 1461 recepta
1006 1378 1046 1440 ad
1070 1397 1193 1459 pacem.

321 1488 400 1549 Item
424 1486 544 1549 Mathia
568 1486 785 1569 carpentarius
802 1498 915 1547 octavo
940 1485 991 1545 die
1015 1504 1072 1565 per
1088 1483 1222 1545 luchech
1247 1496 1278 1544 et
1300 1481 1482 1564 Georgium

215 1594 452 1676 carpentarium
473 1593 620 1654 atestabit
644 1591 732 1673 quod
757 1592 863 1674 ipsum
888 1589 1051 1652 Iohannes
1074 1591 1281 1653 verberasset.

321 1700 400 1761 Item
425 1698 542 1782 Gyuan
567 1711 598 1759 et
621 1697 802 1759 Alexander
833 1710 943 1759 contra
973 1695 1175 1758 Anthonium
1207 1695 1310 1757 RenIz
1334 1694 1480 1757 secundo

216 1806 301 1868 citati
325 1826 391 1868 non
415 1817 673 1887 comparuerunt.

320 1912 398 1973 Item
423 1912 500 1972 Iuan
525 1924 556 1972 et
580 1909 700 1972 Paulus
723 1923 832 1973 contra
857 1909 993 1974 Iuanum
1023 1909 1166 1971 secundo
1190 1908 1276 1970 citati
1301 1927 1367 1969 non
1392 1927 1482 1970 com-

216 2031 402 2099 paruerunt.

321 2124 400 2186 Item
424 2122 578 2185 Nicolaus
600 2122 685 2185 filius
710 2122 846 2185 Mathias
870 2136 980 2184 contra
1005 2141 1138 2184 uxorem
1162 2119 1275 2183 Friche
1306 2120 1414 2202 prImo
1439 2120 1483 2182 ci-

216 2243 298 2292 tatus
322 2250 388 2292 non
412 2228 601 2311 comparuit.

321 2336 399 2398 Item
423 2354 518 2397 causa
543 2333 676 2416 Georgii
701 2348 732 2396 et
755 2334 856 2395 Munk
881 2348 928 2397 est
959 2354 1015 2418 per
1039 2348 1135 2397 testes
1158 2332 1198 2395 ad
1232 2333 1373 2415 primum
1398 2331 1482 2414 jadi-

217 2442 303 2502 cium
327 2454 453 2524 recepta
477 2441 517 2502 ad
541 2459 664 2521 pacem.

322 2546 399 2607 Item
417 2545 570 2627 Gyurgek
587 2546 724 2608 condam
741 2545 861 2627 juratus
876 2546 1024 2608 stestabit
1036 2561 1150 2608 octavo
1167 2546 1219 2608 die
1235 2567 1291 2629 per
1308 2547 1482 2609 Nicolaum

216 2664 247 2714 et
270 2652 449 2713 Barnabam
472 2651 671 2713 sacerdotem
695 2672 731 2713 ac
755 2651 949 2734 Gregorium
965 2672 1060 2735 super
1073 2653 1215 2734 quodam
1231 2667 1436 2716 testamento

322 2755 400 2817 Item
425 2756 587 2818 Iohannes
610 2758 709 2818 Pazar
732 2771 762 2819 et
793 2757 931 2819 Iacobus
955 2771 1064 2820 contra
1095 2760 1280 2840 Dragonam
1304 2760 1411 2843 prImo
1437 2761 1481 2822 ci-

216 2862 272 2925 tati
296 2882 361 2924 non
386 2878 646 2946 comparuerunt.

324 2968 402 3030 Item
428 2969 627 3051 Stemusnog
650 2984 682 3033 et
705 2972 811 3033 Malka
836 2984 946 3033 contra
964 2972 1148 3052 Dragonam
1174 2971 1279 3053 prImo
1304 2972 1391 3035 citati
1416 2994 1483 3037 non

217 3089 475 3156 comparuerunt.

322 3180 400 3242 Item
425 3179 578 3242 NIcoIaus
609 3182 756 3244 atestsbit
787 3202 843 3264 per
875 3181 959 3244 fillos
990 3183 1120 3265 Angeli‚
1150 3181 1345 3264 Gregorium
1377 3181 1483 3244 filium

219 3285 363 3348 Pundich
388 3300 419 3349 et
443 3286 640 3369 Stephanum
665 3308 833 3371 supereo,
857 3288 946 3370 quod
970 3289 1046 3351 Iuan
1077 3289 1206 3352 Strosak
1230 3310 1287 3351 sua
1312 3291 1396 3351 bona
1421 3289 1483 3351 sibi

218 3391 399 3456 dimisisset.

323 3499 400 3562 Item
425 3499 500 3582 quia
525 3499 688 3562 Iohannes
712 3502 848 3583 pellipar
872 3500 950 3563 false
974 3500 1091 3583 juravit
1115 3516 1245 3584 propter
1268 3521 1325 3563 sua
1349 3502 1485 3564 vulnera

219 3619 328 3669 contra
352 3605 512 3667 Briccium
536 3604 663 3668 dicens:
681 3607 769 3688 quod
793 3608 919 3670 medico
935 3608 965 3670 X
982 3608 1122 3671 florenos
1145 3628 1203 3691 pro
1227 3607 1337 3670 labore
1361 3607 1484 3690 persol-

218 3712 323 3791 visset,
348 3729 422 3773 cum
444 3725 552 3774 tamen
576 3725 714 3793 quatuor
738 3714 944 3795 persolverit;
969 3715 1036 3797 ipse
1066 3714 1229 3776 Iohannes
1253 3714 1284 3775 In
1310 3714 1486 3796 quindenis

218 3817 343 3881 Briccio
367 3830 441 3879 octo
465 3816 605 3879 florenos
628 3819 788 3898 restituet,
806 3822 1004 3901 Augustinus
1028 3834 1136 3882 autem
1156 3821 1304 3882 sacerdos
1328 3821 1485 3901 medicus,

218 3923 365 3987 similiter
388 3921 466 3985 false
490 3922 617 4005 juravit,
643 3944 719 4006 ergo
736 3926 872 4007 quilibet
889 3927 1031 4009 ipsorum
1052 3927 1086 3987 in
1110 3926 1246 4008 singulis
1261 3926 1318 3987 XII
1343 3927 1486 3990 denariis

218 4042 292 4092 sunt
315 4028 478 4113 deputati3
502 4030 569 4112 ipse
594 4044 702 4093 autem
727 4031 888 4095 Iohannes
917 4033 1018 4115 ipsam
1043 4052 1172 4094 causam
1196 4032 1236 4094 ad
1261 4033 1413 4114 antIquos
1436 4033 1486 4116 ju·

219 4136 306 4200 dIces
328 4137 513 4219 appellavit.

326 4242 404 4304 Item
440 4242 608 4306 Marketho
642 4256 715 4306 octo
751 4242 802 4304 die
838 4264 870 4305 se
913 4246 1029 4307 tercius
1063 4244 1181 4327 jurabit
1222 4267 1317 4329 super
1354 4246 1487 4310 florenis

220 4349 442 4430 quadraginta.

327 4455 405 4516 Item
429 4454 612 4517 Anthonius
645 4456 765 4537 juratus
794 4470 825 4519 et
856 4458 1012 4520 Martinus
1036 4458 1130 4540 Piper
1161 4473 1271 4521 contra
1304 4458 1486 4542 Georgium

221 4561 420 4623 sacerdotem
446 4559 523 4623 feria
547 4562 643 4625 tercia
668 4562 819 4644 jurabunt
842 4564 874 4625 in
899 4563 982 4626 facto
1007 4565 1174 4627 cuiusdam
1197 4567 1298 4649 porci·

326 4666 404 4729 Item
431 4666 546 4749 Gyuan
571 4682 680 4730 contra
707 4670 879 4731 Martinam
908 4670 1050 4732 secundo
1075 4671 1187 4733 citatus
1211 4692 1276 4734 non
1294 4674 1488 4755 comparuit.

326 4772 404 4835 Item
418 4772 585 4837 Perztrech
602 4788 712 4838 contra
729 4775 937 4859 Dragonyam
954 4790 1043 4839 actor
1055 4779 1193 4841 existens
1216 4799 1280 4841 non
1295 4781 1488 4862 comparuit.
