3404 5362
328 413 387 493 148
711 411 911 493 Anno1378.
935 448 979 458 —
994 430 1050 493 31.
1074 416 1205 491 augusti.

430 627 508 693 Item
519 625 701 688 Alexander
714 640 829 688 octavo
846 627 897 689 die
911 640 1021 689 contra
1036 626 1207 689 Nicolaum
1221 646 1279 709 per
1293 627 1450 690 Jacobum
1467 628 1548 690 Bole
1561 643 1603 691 et

323 733 511 816 magistrum
530 733 665 794 Paulum
682 733 840 812 atestabit,
853 733 941 815 quod
958 733 1063 814 ipsum
1076 733 1280 816 vituperiosis
1297 733 1402 795 verbis
1420 732 1587 796 affecisset.

430 840 509 902 Item
533 838 648 900 Tadeo
665 852 775 901 contra
791 838 993 900 Anthonium
1009 838 1148 919 juratum
1165 851 1280 902 octavo
1299 839 1350 901 die
1368 839 1588 921 respondebit.

432 945 510 1007 ltem
546 946 697 1027 magister
736 924 897 1007 lohannes
932 957 1042 1008 contra
1076 943 1249 1011 Nicolaum
1293 946 1435 1008 secundo
1479 946 1594 1008 citatus

323 1073 389 1116 non
411 1053 601 1135 comparuit.

429 1159 508 1220 Item
533 1157 680 1241 Mychael
704 1158 864 1240 Damyani
889 1173 998 1219 contra
1026 1157 1224 1240 Stephanum
1251 1158 1356 1240 primo
1380 1158 1497 1220 citatus
1521 1177 1587 1219 non

322 1264 514 1348 comparuit.

428 1370 506 1432 Item
533 1368 708 1452 Gregorius
732 1389 843 1432 voscar
866 1384 975 1432 contra
1000 1370 1220 1433 Hanchlinum
1246 1371 1352 1453 primo
1380 1371 1498 1433 citatus
1527 1391 1593 1432 non

322 1477 512 1559 comparuit.

431 1583 508 1644 ltem
536 1582 623 1643 Elias
646 1602 762 1664 parvus
785 1595 895 1643 contra
919 1581 1122 1645 Anthonium
1146 1581 1286 1664 juratum
1310 1584 1453 1647 secundo
1478 1587 1594 1648 citatus

322 1708 387 1751 non
413 1689 606 1771 comparuit.

430 1795 508 1857 ltem
534 1792 681 1876 Mychael
706 1793 866 1876 Damyani
891 1807 999 1855 contra
1025 1793 1183 1857 Grecham
1201 1795 1371 1857 mulierem
1398 1810 1516 1859 octavo
1541 1798 1592 1860 die

320 1901 541 1984 respondebit.

428 2008 507 2070 Item
526 2006 701 2089 Gregorius
716 2020 826 2069 contra
844 2005 1002 2069 Grecham
1018 2007 1160 2069 secundo
1181 2007 1298 2069 citatus
1312 2027 1377 2068 non
1395 2009 1592 2091 comparuit.

427 2114 506 2176 ltem
531 2114 617 2175 lwan
642 2127 751 2175 contra
775 2117 938 2194 Agnesam
961 2112 1103 2175 secundo
1127 2113 1240 2182 citatus
1265 2133 1331 2175 non
1354 2115 1548 2197 comparuit.

426 2221 505 2283 Item
529 2220 684 2282 Martinus
708 2220 803 2301 Piper
825 2232 936 2280 contra
961 2217 1139 2300 Georgium
1164 2217 1305 2300 juratum
1329 2234 1443 2282 octavo
1470 2221 1525 2284 die
1544 2242 1594 2284 re·

320 2327 503 2410 spondebit.

427 2433 503 2493 Item
537 2451 630 2493 causa
663 2431 811 2514 Gregorii
843 2452 954 2493 voscar
984 2445 1015 2493 et
1046 2432 1193 2494 Mauricii
1220 2446 1267 2494 est
1300 2452 1356 2515 per
1379 2433 1597 2498 Franciscum

319 2538 457 2620 juratum
485 2537 524 2598 ad
550 2552 622 2598 octo
647 2537 715 2598 dies
739 2553 865 2620 recepta
890 2538 930 2600 ad
954 2557 1078 2620 pacem.
1372 2548 1375 2552 ’

427 2643 505 2703 ltem
538 2643 700 2704 lohannes
732 2643 895 2705 Chemerii
927 2658 1038 2706 contra
1070 2643 1248 2726 Georgium
1286 2644 1448 2706 literatum
1477 2660 1595 2708 octavo

320 2750 373 2813 die
400 2749 618 2831 respondebit.

425 2856 503 2917 ltern
534 2854 740 2938 Wlkouycha
771 2870 801 2916 et
832 2856 913 2939 Elya
948 2872 1057 2919 contra
1089 2855 1266 2939 Georgium
1304 2869 1419 2917 octavo
1457 2856 1509 2919 die
1544 2877 1593 2920 re·

318 2963 535 3046 spondebunt.

427 3069 506 3131 ltem
531 3068 693 3130 Janslinus
716 3067 876 3131 aurifaber
907 3069 1041 3131 domino
1072 3068 1221 3151 Philippo
1257 3069 1361 3132 Mauri
1393 3071 1477 3132 duos
1510 3069 1590 3133 cifos

318 3188 487 3256 argenteos
512 3173 544 3234 in
569 3174 741 3255 quindenis
765 3175 936 3256 persolvet.

424 3280 502 3341 Item
526 3280 706 3341 Alexander
738 3295 846 3342 contra
879 3281 1049 3343 dominum
1082 3280 1267 3363 Philippum
1291 3282 1434 3344 secundo
1467 3284 1584 3347 citatus

317 3406 383 3449 non
407 3387 597 3468 comparuit.

423 3491 501 3554 ltem
527 3493 629 3553 Lucas
652 3506 762 3553 contra
787 3493 967 3556 Janslinum
991 3493 1131 3555 secundo
1156 3494 1271 3556 citatus
1295 3514 1360 3556 non
1385 3496 1580 3578 comparuit.

423 3599 501 3660 Item
527 3598 672 3660 Thomas
696 3612 805 3660 contra
831 3599 996 3661 Elizabeth
1013 3599 1155 3661 secundo
1172 3601 1287 3663 citatus
1306 3621 1372 3663 non
1391 3602 1575 3684 comparuit

425 3702 504 3765 ltem
530 3703 607 3765 luan
632 3717 742 3765 contra
766 3704 874 3788 Erney
897 3705 1003 3787 primo
1026 3705 1139 3767 citatus
1161 3725 1228 3768 non
1253 3706 1443 3789 comparuit.

424 3810 503 3871 ltem
529 3809 606 3870 luan
631 3823 741 3872 contra
764 3811 951 3893 Dragonam
975 3824 1089 3873 octavo
1112 3811 1165 3874 die
1189 3812 1410 3895 respondebit.

423 3915 501 3977 Item
527 3935 577 3977 ser
600 3917 793 3979 Benedictus
816 3937 873 3999 per
897 3917 1079 3996 Micusium,
1104 3918 1240 3980 Paulum
1266 3917 1450 3981 carnificem
1475 3934 1506 3981 et
1523 3918 1587 3980 Da·

318 4041 472 4104 myanum
498 4022 646 4084 atestabit
669 4037 784 4085 octavo
809 4023 861 4085 die
886 4023 974 4104 quod
997 4043 1090 4085 suurn
1123 4022 1317 4087 familiarem
1349 4023 1493 4087 Bedicha
1519 4043 1588 4086 ver·

318 4128 468 4191 berasset.

426 4235 504 4296 ltem
541 4235 689 4319 Mychael
724 4247 834 4298 contra
870 4236 977 4298 Mathe
1019 4256 1154 4319 puerum
1191 4237 1334 4300 secundo
1368 4238 1484 4300 citatus
1520 4257 1590 4300 non

318 4341 509 4423 comparuit.

425 4447 504 4509 Item
521 4447 674 4508 Nicolaus
697 4447 873 4510 Benedicto
898 4448 1089 4532 Mosnarych
1121 4448 1201 4511 duas
1233 4469 1354 4513 marcas
1378 4469 1453 4512 curn
1479 4450 1589 4512 media

318 4552 483 4635 persolvet
507 4567 538 4614 et
561 4552 658 4633 judici
682 4553 824 4616 mediam
849 4573 1000 4618 marcam.

425 4657 503 4720 ltem
529 4658 669 4721 Bedicha
693 4658 833 4721 carnifex
857 4680 914 4742 per
938 4661 1084 4741 Paulum,
1104 4661 1284 4745 Georgium
1309 4676 1340 4726 et
1364 4661 1497 4725 Mathek
1521 4677 1586 4725 ate·

317 4749 423 4842 stabit,
455 4764 544 4846 quod
576 4765 729 4827 Nicolaus
761 4763 901 4828 carnifex
931 4786 1026 4849 super
1056 4788 1149 4830 suum
1184 4768 1357 4832 macellum
1389 4768 1534 4832 irruisset
1557 4782 1592 4830 et

318 4868 531 4933 Benedictum
555 4870 736 4934 carnificem
761 4856 883 4935 ibidem
905 4872 1115 4938 vulnerasset.
