3404 5362
228 387 268 467 36
608 385 695 442 Anno
718 380 808 460 1376.
833 417 875 426 —
897 397 949 457 29.
973 383 1089 457 aprilis.

229 594 480 670 inhonestaverit
504 594 536 656 in
553 595 652 657 domo
676 595 728 656 vel
752 609 837 655 extra
861 608 892 656 et
916 594 977 655 hoc
1009 593 1201 675 conprobari
1223 594 1352 674 poterit,
1377 607 1494 656 extunc

228 703 287 763 sub
312 701 476 785 pringario
498 699 590 782 ligari
615 700 731 762 debeat
750 700 899 761 manibus
922 719 940 760 a
963 712 1054 780 tergo
1084 713 1115 760 et
1138 699 1270 760 demum
1294 698 1438 762 baculari
1461 713 1492 761 et

224 808 359 890 turpiter
383 808 422 869 de
447 807 575 870 civitate
604 806 733 890 expelli,
765 826 824 869 nec
853 806 992 889 amplius
1015 807 1048 868 in
1072 807 1175 888 ipsam
1206 806 1370 869 civitatem
1393 807 1496 888 possit

225 915 351 978 reverti.

333 1020 410 1083 Item
435 1020 562 1082 Blasius
587 1019 746 1101 Gregorio
769 1033 890 1102 septem
916 1038 1039 1081 marcas
1065 1020 1161 1102 plene
1184 1020 1349 1102 persolvit.

333 1126 412 1188 Item
436 1127 512 1207 quia
529 1126 686 1188 Martinus
710 1124 882 1207 Zequirich
906 1138 1015 1187 contra
1033 1127 1221 1206 magistrum
1246 1125 1391 1189 Francha
1408 1127 1494 1190 auri·

226 1231 352 1295 fabrum
369 1230 538 1295 testificare
554 1231 701 1312 nequivit
717 1231 845 1294 racione
861 1230 1075 1312 quarumdam
1088 1232 1252 1294 literarum
1269 1251 1346 1313 ergo
1363 1253 1494 1296 causam

224 1339 326 1421 ipsam
349 1339 485 1400 omnino
510 1352 541 1401 et
563 1337 706 1401 totaliter
729 1336 878 1419 perdidit.

329 1445 407 1507 item
431 1444 507 1527 quia
531 1444 587 1507 filii
606 1444 731 1508 Crisani
757 1457 866 1506 contra
882 1443 1103 1506 Alexandrum
1119 1442 1287 1507 testificare
1305 1444 1494 1509 debuissent

224 1551 353 1614 racione
377 1552 544 1613 cuiusdam
568 1550 725 1629 clamidis,
749 1550 790 1612 ad
821 1550 923 1632 ipsam
948 1548 1208 1612 testificacionem
1241 1570 1307 1612 non
1332 1566 1495 1614 venerunt

223 1677 328 1740 neque
352 1658 518 1723 miserunt.

328 1763 408 1825 item
438 1782 528 1825 soror
560 1760 726 1826 Chernech
764 1775 873 1823 contra
905 1760 1126 1824 Alexandrum
1157 1762 1263 1845 primo
1296 1762 1392 1825 citata
1425 1782 1493 1825 non

223 1869 414 1952 comparuit.

220 2086 319 2162 Feria
348 2091 455 2161 tercia
483 2089 637 2178 proxima
665 2098 743 2160 ante
770 2087 893 2160 festam
921 2087 1097 2160 beatorum
1136 2087 1279 2177 Philippi
1308 2094 1342 2159 et
1367 2087 1490 2178 Jacobi

731 2211 970 2302 apostolorum.

737 2362 806 2443 (29·
830 2361 961 2444 aprt'lis).

326 2506 434 2567 Primo
459 2503 642 2566 Anthonius
673 2503 821 2586 Zitarych
847 2518 878 2566 et
901 2503 981 2565 alter
1011 2503 1196 2566 Anthonius
1227 2515 1336 2565 contra
1363 2503 1491 2565 Lucam

221 2611 350 2673 Bonioli
375 2611 480 2693 primo
505 2610 590 2672 citati
616 2629 680 2671 non
704 2622 963 2691 comparuerunt.

325 2717 403 2778 item
421 2716 532 2777 Marito
550 2714 708 2777 Gemzine
725 2729 839 2777 octavo
856 2714 908 2777 die
925 2735 981 2798 per
998 2735 1130 2777 uxorem
1153 2715 1238 2797 Span
1256 2727 1287 2777 et
1303 2713 1486 2776 Johannem

220 2823 379 2885 decanum
400 2818 550 2884 'atestabit
572 2841 668 2903 super
692 2842 741 2901 eo,
759 2822 849 2904 quod
873 2822 979 2904 ipsum
996 2822 1097 2883 Elena
1114 2821 1232 2883 mulier
1247 2821 1486 2902 vituperaverit.

324 2929 404 3009 Item
435 2928 548 2990 eadem
581 2927 682 2990 Elena
715 2948 731 2989 e
763 2947 918 2990 converso
954 2946 1011 3009 per
1036 2926 1180 2990 Matheas
1211 2925 1315 2989 filium
1339 2927 1486 3009 oroznyk

219 3036 375 3099 atestabit.

326 3142 405 3203 item
429 3140 610 3222 Stephanus
635 3153 744 3203 contra
778 3140 957 3202 Johannem
985 3138 1118 3221 vigilem
1142 3139 1247 3222 primo
1272 3139 1387 3202 citatus
1416 3158 1483 3201 non

219 3247 408 3329 comparuit.

323 3353 402 3416 item
419 3372 514 3415 causa
530 3352 685 3415 Johannis
702 3353 798 3414 Liber
814 3366 845 3415 et
859 3351 1012 3434 alteri(us)
1029 3351 1184 3413 lobannis
1199 3350 1257 3414 filii
1276 3350 1423 3413 Domkus
1439 3363 1488 3413 est

220 3478 277 3541 per
299 3458 421 3541 judices
445 3473 476 3522 et
499 3458 618 3540 juratos
642 3460 682 3520 ad
706 3457 819 3521 feriam
851 3472 971 3520 sextam
997 3478 1081 3519 nunc
1111 3470 1279 3520 venturam
1303 3468 1486 3539 prorogata.

322 3566 400 3627 item
425 3585 518 3627 causa
543 3566 668 3627 Nicolai
701 3579 732 3628 et
756 3565 918 3628 Valentini
952 3578 998 3627 est
1021 3584 1078 3647 per
1114 3564 1293 3627 Johannem
1318 3562 1485 3626 Chemerii

219 3685 250 3733 et
273 3672 410 3733 Paulum
436 3673 545 3754 Kypar
567 3670 608 3733 ad
631 3672 772 3753 primum
797 3670 952 3752 judicium
977 3684 1103 3752 recepta
1128 3671 1167 3731 ad
1191 3689 1316 3752 pacem.

322 3778 400 3839 ltem
425 3797 518 3839 causa
543 3778 652 3840 relicte
681 3778 859 3839 Sabastiani
893 3790 924 3840 et
948 3776 1098 3857 Gregorii
1129 3776 1258 3838 sartoris
1282 3788 1329 3838 est
1352 3794 1409 3857 per
1432 3775 1481 3856 ju·

216 3882 319 3946 dicem
344 3884 385 3945 ad
408 3896 482 3945 octo
506 3883 575 3946 dies
597 3882 637 3945 ad
662 3884 893 3946 inveniendum
918 3885 1064 3946 katernas
1088 3896 1269 3965 prorogata.

321 3990 400 4052 item
424 3990 535 4051 Petrus
559 4002 661 4051 sartor
693 4005 806 4051 octavo
831 3989 883 4052 die
916 4009 973 4070 per
1001 3988 1154 4072 Gyurgek
1187 3988 1417 4075 calcagiparum
1450 4001 1483 4050 et

219 4095 417 4179 Stephanum
442 4093 535 4159 Cifus
557 4096 705 4158 atestabit
729 4115 824 4177 super
848 4115 898 4172 eo,
916 4094 1004 4176 quod
1028 4095 1095 4177 ipse
1119 4094 1282 4177 quendam
1306 4113 1416 4156 arcum
1448 4093 1484 4156 in

215 4201 369 4264 nundinis
392 4201 535 4283 magistri
561 4200 714 4283 Stephani
741 4201 772 4262 in
798 4198 880 4262 festo
904 4200 989 4262 beati
1014 4198 1169 4262 Stanizlai
1194 4199 1403 4282 comparavit.

320 4307 398 4369 ltem
423 4307 536 4368 Marko
560 4305 645 4367 filius
677 4305 799 4368 Gemez
830 4319 942 4369 contra
972 4304 1153 4369 iohannem
1188 4305 1352 4369 Chemerii
1376 4305 1484 4388 primo

213 4411 327 4474 citatus
350 4432 415 4474 non
440 4412 630 4495 comparuit.

318 4518 397 4580 ltem
421 4518 559 4602 Mykech
583 4517 715 4599 jobagio
731 4519 840 4582 relicte
859 4519 1042 4581 Kussilonis
1065 4531 1177 4580 contra
1202 4517 1381 4599 Georgium
1397 4517 1485 4580 litte·

213 4638 317 4687 ratum
343 4625 447 4701 primo
472 4626 587 4688 citatus
615 4645 681 4687 non
706 4627 894 4708 comparuit.
1458 4618 1461 4623 ’

316 4731 395 4793 Item
426 4732 577 4812 magister
609 4732 728 4794 Paulus
758 4751 832 4794 cum
864 4732 1039 4795 Salomone
1068 4733 1175 4796 taliter
1206 4731 1415 4796 concordavit
1446 4731 1482 4795 in

212 4838 380 4920 presencia
412 4838 537 4900 Nicolai
573 4838 711 4902 condam
743 4837 875 4919 judicis,
908 4838 1052 4903 Franche
1082 4838 1236 4902 aurifabri
1266 4853 1297 4903 et
1328 4838 1481 4921 Gregorii
