3404 5362
592 319 678 374 Anno
703 312 790 394 1376.
817 350 856 359 -
880 311 933 375 26.
957 317 1083 389 augenti.
1116 295 1121 303 ⁴
1433 332 1472 394 57

314 529 392 590 ltem
416 528 598 590 Alexander
622 540 731 589 contra
757 527 832 589 Sara
857 526 963 609 primo
987 526 1101 587 citatus
1124 545 1190 587 non
1215 525 1403 608 comparuit.

314 634 392 696 Item
418 635 503 716 Span
521 634 626 716 primo
643 633 764 715 judicio
788 646 860 716 post
876 633 1052 694 adventum
1070 633 1179 694 Jacobi
1202 631 1348 715 pellificis
1365 645 1474 693 contra

212 740 365 802 Mathiam
397 739 595 803 aurifabrum
627 740 776 802 atestabit
810 759 867 822 per
897 740 1054 801 Jacobum
1090 738 1261 821 pellificem
1286 751 1317 801 et
1340 738 1474 800 luanum

212 848 321 909 Stacor
344 867 439 930 super
461 868 511 926 eo,
536 847 623 928 quod
649 847 709 908 sibi
734 846 820 907 idem
847 845 966 907 Mathia
987 843 1148 907 aurifaber
1171 865 1229 927 pro
1254 844 1381 906 duobus
1404 843 1474 906 flor.

211 954 276 1014 auri
302 955 415 1015 existat
438 953 607 1015 fideiussor
631 972 689 1035 pro
713 952 856 1034 quodam
880 951 1022 1013 homine.

313 1059 393 1120 ltem
417 1072 531 1121 octavo
548 1059 600 1120 die
625 1059 726 1120 Elena
744 1058 861 1119 mulier
881 1071 991 1119 contra
1008 1057 1244 1138 Margaretbam
1262 1077 1318 1139 per
1336 1059 1474 1119 Marsam

212 1178 239 1225 et
262 1164 360 1226 aliam
384 1166 554 1227 mulierem
578 1165 726 1227 atestabit
748 1184 844 1246 super
867 1183 917 1242 eo,
951 1163 1039 1244 quod
1064 1164 1165 1246 ipsam
1190 1164 1427 1246 vituperaverit.

313 1270 393 1332 ltem
410 1272 562 1333 Nicolaus
579 1272 708 1353 jobagio
725 1270 865 1333 filiorum
887 1270 1020 1353 Chopor
1037 1283 1146 1333 contra
1168 1271 1296 1332 Petrum
1321 1286 1475 1334 sartorem

214 1377 313 1458 primo
340 1378 453 1440 citatus
477 1397 543 1440 non
567 1378 755 1461 comparuit.

315 1483 395 1546 ltem
427 1483 580 1566 Gyurgek
613 1484 786 1567 calcaripar
817 1497 927 1546 contra
958 1483 1121 1546 Videnum
1152 1482 1278 1546 fabrum
1303 1485 1408 1567 primo
1432 1486 1475 1547 ci-

213 1602 291 1652 tatus
314 1610 382 1652 non
410 1592 599 1673 comparuit.

316 1696 395 1758 ltem
430 1716 525 1758 causa
556 1697 677 1759 Mathie
707 1697 827 1760 sutoris
851 1682 881 1758 et
912 1697 1089 1779 juratorum
1122 1711 1170 1761 est
1192 1717 1249 1779 per
1271 1696 1412 1778 judicem
1435 1698 1476 1760 sd

214 1816 281 1865 octo
306 1803 375 1864 dies
399 1817 572 1886 prorogata
596 1803 636 1865 ad
660 1823 783 1887 pacem.

316 1909 395 1970 ltem
428 1909 591 1971 lohannes
623 1924 732 1972 contra
764 1911 939 1972 Matrinum
972 1911 1206 1993 carpentarium
1235 1910 1340 1993 primo
1364 1909 1477 1972 citatus

214 2035 273 2077 non
303 2016 495 2098 comparuit.
1423 2094 1427 2102 ι

315 2122 395 2183 ltem
419 2122 526 2183 lwana
551 2122 666 2183 mulier
690 2136 804 2184 octavo
826 2121 877 2184 die
902 2137 1012 2184 contra
1037 2122 1231 2205 Gregorium
1255 2124 1402 2185 atestabit
1419 2143 1475 2206 per

214 2228 376 2290 dominam
400 2228 529 2308 Vidam‚
554 2229 712 2306 Kaukam‚
746 2229 920 2291 Matrinum
952 2230 1123 2312 Zequirich
1148 2245 1178 2292 et
1211 2231 1346 2292 luanum
1370 2230 1474 2293 filium

215 2334 336 2397 Petreni
362 2355 458 2417 super
481 2355 531 2413 eo,
556 2334 644 2417 quod
669 2335 795 2415 domus,
820 2335 853 2397 in
875 2356 938 2419 qua
963 2357 1049 2398 nunc
1075 2336 1198 2399 habitat
1221 2337 1325 2399 dictus
1350 2336 1473 2420 Grego-

215 2441 285 2522 rius,
310 2440 445 2504 fuissent
467 2462 523 2503 sue
547 2443 667 2504 matris.

315 2548 394 2609 ltem
419 2548 570 2630 Dragona
594 2561 641 2611 est
665 2549 830 2612 convictus
854 2548 963 2611 Sibich
991 2549 1024 2610 in
1048 2568 1113 2610 una
1137 2569 1242 2611 marca
1266 2549 1473 2612 denariorum

214 2668 241 2715 et
262 2653 362 2736 judici
387 2653 528 2716 mediam
553 2674 703 2716 marcam.

316 2761 393 2823 ltem
419 2761 524 2823 Fortis
547 2774 662 2824 octavo
686 2762 738 2823 die
762 2781 819 2845 per
842 2760 952 2846 Voryh
980 2761 1116 2843 figulum
1141 2776 1172 2825 et
1196 2763 1398 2827 Clementem
1423 2766 1474 2826 Zi-

215 2866 324 2928 rothlre
350 2880 459 2929 contra
484 2867 667 2930 Mosnarich
690 2869 837 2931 atestabit
860 2888 955 2951 super
972 2888 1022 2949 en,
1047 2869 1134 2950 quod
1160 2870 1265 2951 ipsum
1288 2872 1356 2932 sine
1380 2872 1474 2954 culpa

214 2971 338 3035 fixisset.

315 3080 394 3142 ltem
430 3081 628 3161 Dragozlaus
664 3079 802 3143 carnifex
838 3081 959 3161 iuratus
994 3095 1108 3144 octavo
1144 3082 1195 3144 die
1237 3084 1385 3147 atestabit
1418 3105 1475 3169 per

215 3184 342 3269 Gurgelr
367 3186 597 3269 calcariparum
614 3201 645 3249 et
662 3188 855 3250 Budizlaum
883 3187 1042 3250 decanum
1066 3209 1161 3271 super
1185 3210 1234 3268 eo,
1259 3191 1348 3272 quod
1366 3192 1471 3274 ipsum

215 3293 368 3355 Martinus
392 3293 562 3376 Zequirich
586 3295 691 3357 verbis
715 3296 862 3378 turpibus
885 3294 1049 3358 affecisset.

315 3399 395 3462 Item
419 3400 640 3463 Lehcumuald
665 3416 775 3464 contra
796 3401 952 3464 Mathiam
975 3415 1118 3465 sutorem
1142 3404 1247 3485 primo
1271 3405 1385 3466 citatus
1408 3425 1473 3467 non

217 3506 402 3589 comparuit.

315 3613 396 3675 ltem
420 3613 602 3676 Mosnarich
619 3628 729 3677 contra
754 3614 859 3677 Fortis
887 3615 1035 3677 atestabit
1058 3636 1115 3698 per
1131 3616 1252 3678 Lucam
1266 3615 1473 3699 freniparum‚

216 3718 309 3782 Vorih
334 3732 366 3781 et
391 3718 511 3782 Guralr.

316 3825 394 3887 ltem
411 3824 572 3908 Georgius
587 3827 796 3888 stacionarius
820 3840 930 3887 contra
946 3827 1095 3888 Markum
1112 3826 1253 3889 secundo
1271 3827 1384 3889 citatus
1408 3848 1472 3890 non

216 3931 401 4015 comparuit.

315 4037 395 4099 ltem
419 4059 513 4101 causa
536 4039 693 4102 Anthonii
718 4053 749 4101 et
774 4039 877 4101 Tadie
902 4038 1014 4100 estad
1047 4052 1120 4105 octo
1145 4039 1213 4102 dies
1237 4055 1408 4123 prorogata
1432 4040 1473 4102 ad

214 4144 483 4228 respondendum.

214 4359 307 4437 laria
335 4367 443 4437 tercia
471 4367 627 4455 proxima
663 4373 740 4455 post
776 4365 899 4438 festum
927 4365 1016 4437 beati
1053 4366 1279 4438 bartholomei
1318 4347 1471 4456 apostoli.

726 4516 791 4594 (26.
814 4517 956 4594 augusti).

314 4657 423 4720 Primo
447 4659 638 4742 Mosnarych
656 4672 764 4722 contra
783 4660 918 4721 Paulum
935 4659 1115 4723 carnificem
1140 4662 1244 4744 primo
1268 4661 1381 4723 citatus
1405 4679 1470 4722 non

213 4763 400 4847 comparuit.
