3404 5362
622 349 708 407 Anno
731 360 817 425 1377.
844 382 883 392 -
908 344 939 409 6.
964 351 1073 409 martii.

322 556 401 619 ltem
425 556 562 640 Myltech
584 571 695 620 contra
720 558 810 619 Marlt
835 559 938 639 primo
963 559 1076 620 citatus
1101 578 1165 619 non
1191 559 1380 640 comparuit.

321 663 400 726 Item
426 665 538 727 Marko
561 663 646 726 filius
670 664 838 727 Chernech
863 678 972 726 contra
997 665 1185 746 magistrum
1209 654 1345 727 Paulum
1370 679 1485 727 octavo

224 768 270 832 die
294 770 512 852 respondebit.

322 877 402 939 ltem
417 876 579 959 Georgius
591 876 712 956 juratus
724 892 834 940 contra
849 878 1050 961 Mychaelem
1064 894 1177 942 octavo
1191 880 1244 941 die
1262 879 1482 960 respondebit.

320 983 401 1045 ltem
433 1003 526 1045 causa
557 985 652 1045 vinee
692 984 830 1047 condam
862 984 990 1047 Andree
1021 999 1067 1047 est
1102 1006 1158 1068 per
1187 984 1309 1066 judices
1339 985 1378 1046 ad
1411 1000 1484 1046 octo

221 1089 285 1151 dies
308 1103 491 1172 prorogata,
516 1090 592 1170 quia
617 1090 763 1151 nondum
781 1089 991 1153 commissarii
1016 1091 1116 1173 ipsius
1132 1104 1206 1153 sunt
1228 1091 1309 1152 inter
1334 1110 1367 1152 se
1392 1091 1484 1153 uniti.

322 1214 402 1276 ltem
425 1215 576 1296 magister
600 1214 689 1276 Leon
715 1233 773 1296 pro
795 1213 915 1275 Mathia
940 1234 998 1276 suo
1015 1214 1171 1276 familiare
1196 1229 1326 1296 propter
1349 1215 1414 1275 suis
1431 1234 1483 1276 ex-

219 1320 354 1382 cessibus
378 1319 546 1382 fideiussor
570 1320 673 1382 extitit
697 1320 737 1382 ad
762 1321 903 1401 primurn
936 1319 1091 1402 judicium
1125 1320 1386 1402 presentandum,
1412 1320 1483 1402 ipso

218 1425 353 1487 termino
377 1441 548 1488 occurente
576 1426 729 1488 dominus
762 1426 929 1509 Philippus
962 1425 1046 1488 filius
1072 1428 1174 1489 Mauri
1208 1441 1317 1489 contra
1342 1426 1483 1489 eundem

219 1533 338 1613 agebat,
363 1533 497 1614 ipseque
522 1533 631 1595 Mathe
656 1553 722 1595 non
747 1534 834 1595 venit
858 1552 964 1614 neque
989 1535 1085 1596 misit.

322 1656 430 1719 Posita
454 1670 501 1718 est
524 1677 607 1738 pena
632 1657 714 1719 inter
745 1657 933 1737 magistrum
964 1657 1100 1718 Paulum
1133 1670 1164 1718 et
1196 1658 1343 1718 Maritum
1368 1655 1482 1718 Putani

218 1761 302 1823 XXV
326 1781 433 1824 marce
457 1763 483 1824 si
508 1783 580 1846 pars
604 1778 729 1845 partem
753 1765 853 1825 verbo
878 1763 929 1826 vel
954 1762 1038 1825 lacto
1062 1762 1213 1825 offendet.

399 1997 497 2072 Feria
525 2009 624 2074 sexta
652 2005 808 2093 proxima
837 2010 915 2075 ante
944 2003 1143 2076 dominicam
1173 2003 1300 2075 Letare.

757 2172 802 2252 (6.
827 2175 947 2251 martir).

320 2332 430 2393 Primo
462 2331 625 2394 Johannes
660 2347 769 2395 contra
804 2333 1041 2415 Margaretham
1083 2333 1226 2394 secundo
1264 2333 1377 2394 citatus
1413 2353 1479 2394 non

217 2438 402 2520 comparuit.

318 2543 398 2605 ltem
422 2544 575 2606 Nicolaus
598 2544 683 2606 filius
708 2544 833 2607 Crisani
864 2558 973 2607 contra
1007 2546 1175 2607 Marenum
1200 2560 1315 2607 octavo
1347 2545 1399 2607 die
1432 2566 1480 2608 re·

217 2650 397 2732 spondebit.

317 2756 396 2819 ltem
418 2777 512 2819 causa
535 2756 667 2838 Georgii
700 2772 731 2820 et
756 2758 910 2842 lobannis
933 2773 979 2820 est
1010 2778 1066 2839 per
1091 2757 1269 2840 Georgium
1295 2760 1477 2842 Mykouche

216 2876 243 2923 et
265 2862 465 2945 Stephanum
490 2864 635 2925 Pundich
661 2864 701 2942 ad
725 2877 799 2926 octo
824 2864 891 2926 dies
915 2879 1084 2946 prorogata
1110 2866 1150 2926 ad
1174 2885 1296 2946 pacem.

317 2968 396 3030 ltem
422 2968 584 3032 Johannes
607 2970 690 3031 Wos
715 2985 824 3032 contra
846 2971 1019 3051 parlerium
1044 2985 1158 3032 octavo
1184 2972 1235 3032 die
1260 2972 1477 3054 respondebit.

318 3076 396 3138 Item
422 3076 576 3137 Nicolaus
600 3075 684 3138 filius
708 3076 833 3139 Crisani
860 3091 970 3138 contra
988 3076 1191 3139 Clementem
1216 3092 1329 3139 octavo
1354 3077 1405 3139 die
1431 3098 1478 3138 re-

216 3181 395 3264 spondebit.

319 3288 398 3350 ltem
423 3308 516 3350 causa
542 3288 718 3370 Mychaelis
744 3288 902 3371 Damyani
938 3301 969 3351 et
993 3287 1124 3368 Georgii
1149 3288 1242 3369 jurati
1276 3304 1321 3350 est
1345 3310 1401 3372 per
1425 3291 1477 3351 Jo-

216 3391 352 3456 hannem
388 3395 546 3456 decanum
584 3409 614 3456 et
650 3393 803 3456 Cosmam
836 3392 1033 3456 aurifabrum
1070 3395 1109 3455 ad
1140 3409 1213 3456 octo
1248 3396 1317 3457 dies
1352 3412 1477 3478 recepta

216 3499 251 3560 ad
275 3520 398 3583 pacem.

317 3607 396 3669 ltem
422 3605 598 3688 Gregorius
621 3605 705 3668 filius
730 3606 884 3668 Johannis
916 3622 1025 3668 contra
1052 3606 1159 3668 Mathe
1191 3622 1333 3669 sutorem
1357 3607 1476 3687 jurabit

216 3727 325 3776 octavo
350 3712 402 3774 die
426 3732 523 3794 super
546 3733 599 3774 sex
624 3713 730 3794 pensis
755 3694 960 3774 denariorum
985 3733 1068 3794 quos
1096 3714 1206 3774 asserit
1231 3713 1430 3795 persolvisse.

317 3819 394 3882 ltem
419 3818 574 3880 Nicolaus
598 3819 735 3880 condam
760 3818 856 3900 judex
880 3832 911 3881 et
929 3838 1005 3880 suus
1029 3820 1245 3880 mercenarius
1269 3832 1378 3881 contra
1396 3820 1476 3883 Gre-

215 3925 336 4004 gorium
361 3925 467 4007 primo
491 3925 577 3987 citati
601 3944 666 3986 non
696 3939 955 4006 comparuerunt.

316 4032 394 4094 ltem
418 4031 625 4113 Wlltouycha
649 4045 759 4093 contra
784 4030 962 4112 Georgium
987 4046 1100 4092 octavo
1126 4031 1178 4093 die
1203 4031 1420 4113 respondebit.

316 4139 394 4200 ltem
418 4138 602 4200 Anthonius
626 4137 773 4221 Zitarych
798 4150 908 4199 contra
934 4137 1111 4218 Georgium
1136 4137 1275 4218 juratum
1301 4138 1407 4220 primo
1432 4139 1475 4200 ci-

213 4257 292 4308 tatus
317 4266 382 4307 non
407 4245 596 4327 comparuit.

314 4353 394 4414 ltem
418 4371 512 4413 causa
536 4351 677 4413 Bediche
705 4364 736 4412 et
767 4349 932 4412 benedicti
961 4349 1148 4412 carnificum
1172 4365 1218 4412 est
1241 4371 1298 4432 per
1323 4352 1473 4434 Matheyk

214 4471 241 4521 et
263 4457 422 4521 Wrouich
447 4457 486 4519 ad
510 4472 584 4519 octo
608 4457 676 4517 dies
699 4469 826 4538 recepta
851 4455 890 4517 ad
915 4475 1038 4537 pacem.

315 4563 393 4626 ltem
419 4563 575 4626 Martinus
598 4576 708 4626 contra
723 4564 877 4624 Dicauam
894 4561 1036 4624 secundo
1061 4564 1175 4625 citatus
1191 4582 1256 4625 non
1281 4561 1472 4642 comparuit.

315 4689 394 4751 ltem
419 4707 513 4750 causa
538 4688 680 4768 magistri
709 4685 800 4747 Pauli
830 4700 860 4747 et
885 4686 983 4747 Marci
1015 4686 1090 4748 dicti
1116 4687 1218 4748 Putan
1242 4698 1289 4747 est
1312 4704 1368 4766 per
1392 4683 1471 4746 Gre-

210 4797 336 4877 gorium
360 4814 472 4858 voscar
495 4808 526 4856 et
549 4794 664 4855 Paulas
688 4793 728 4855 ad
753 4806 826 4856 octo
850 4792 918 4854 dies
942 4805 1068 4876 recepta
1091 4793 1132 4854 ad
1155 4812 1279 4875 pacem.
