3398 5364
499 407 698 486 Ann01378.
726 443 764 453 —
789 424 821 488 4.
846 412 931 471 maii.
1288 428 1344 489 125

184 621 265 684 Item
289 621 448 683 Renarius
470 620 679 683 stacionarius
707 621 952 703 quintodecimo
977 622 1029 683 die
1061 620 1132 683 festi
1158 623 1242 684 beati
1268 621 1347 684 Gre-

81 727 162 809 gorii
188 747 271 810 pape
296 746 435 789 unacum
459 727 604 808 Boleneg
627 727 792 790 sacerdote
809 727 938 809 jurabit,
962 727 1052 809 quod
1077 728 1162 789 idern
1189 729 1348 790 Renarius

82 833 187 896 eidem
220 831 364 914 Boleneg
394 833 552 895 sacerdoti
583 853 679 916 super
708 834 811 897 tribus
844 834 997 897 calicibus
1021 849 1052 896 et
1084 854 1183 897 unum
1218 836 1348 916 librum,

81 939 292 1022 quadraginta
317 938 386 1003 flor.
410 941 479 1002 auri
503 954 534 1002 et
556 940 616 1002 XV
640 960 761 1003 marcas
782 940 989 1003 denariorum
1013 943 1222 1005 concessisset
1250 943 1348 1026 prius,

80 1060 256 1127 antequam
280 1046 348 1128 ipsa
372 1039 456 1108 bona
480 1046 642 1129 prohibita
673 1047 849 1110 extitissent
881 1068 938 1131 per
969 1049 1121 1111 comitem
1147 1048 1187 1110 de
1215 1049 1347 1132 Blagay,

82 1152 171 1214 omni
195 1152 243 1215 liti
268 1167 300 1214 et
322 1152 484 1234 questioni
508 1153 728 1216 renunciando
752 1167 784 1215 et
806 1174 839 1216 se
868 1153 1067 1236 pacificando
1092 1174 1151 1238 pro
1176 1155 1349 1237 premissis.

187 1258 266 1322 Item
291 1278 384 1321 causa
410 1258 543 1340 Georgii
568 1273 598 1321 et
624 1259 725 1323 Curse
750 1274 796 1322 est
819 1280 876 1343 per
897 1260 1069 1323 Nicolaum
1094 1262 1302 1344 Kunspergar
1319 1275 1350 1322 et

81 1365 183 1427 alium
208 1365 379 1427 Nicolaum
404 1366 445 1427 ad
470 1379 543 1428 octo
567 1366 637 1428 dies
659 1381 786 1449 recepta
810 1367 850 1429 ad
876 1387 998 1449 pacem.

189 1471 270 1532 ltem
294 1471 471 1555 Dyonisius
493 1484 582 1534 sutor
607 1484 716 1534 contra
739 1472 875 1535 luanum
908 1487 1023 1535 octavo
1055 1474 1107 1535 die
1132 1472 1350 1557 respondebit.

190 1576 271 1638 ltem
295 1577 464 1639 Elizabeth
493 1578 610 1639 mulier
639 1591 755 1640 octavo
787 1578 839 1640 die
864 1599 897 1640 se
929 1578 1070 1641 secunda
1101 1578 1219 1660 jurabit
1244 1579 1276 1640 in
1300 1597 1350 1658 eo,

83 1682 175 1765 quod
199 1683 267 1765 ipsa
292 1683 456 1764 quandam
480 1703 610 1746 vaccam
639 1703 711 1745 cum
746 1685 876 1767 propria
907 1685 1043 1767 pecunia
1075 1699 1290 1769 comparasset
1320 1699 1352 1748 et

84 1790 188 1872 ipsam
211 1808 340 1850 vaccam
365 1789 470 1853 eidem
496 1789 665 1853 Elizabeth
689 1789 763 1852 dare
787 1790 926 1867 debent;
963 1792 1065 1873 ipsam
1088 1806 1197 1855 autern
1222 1811 1350 1854 causam

85 1896 241 1958 Nicolaus
265 1894 430 1958 familiaris
454 1896 592 1958 condam
609 1897 769 1958 Francisci
787 1896 979 1978 suffraganei
1004 1898 1043 1959 ad
1060 1899 1211 1979 antiquos
1229 1897 1352 1979 judices

86 2003 261 2086 appellavit
285 2002 324 2064 ad
348 2003 517 2065 sabbatum
541 2023 626 2065 nuuc
643 2003 825 2083 instantem,
849 2005 924 2085 quia
950 2005 1119 2083 asserebat,
1143 2004 1233 2086 quod
1258 2004 1350 2066 matri

85 2128 141 2170 sue
181 2109 284 2192 ipsam
315 2109 485 2192 pecuniam
516 2109 724 2191 assignasset,
749 2129 807 2193 pro
833 2130 896 2191 qua
928 2111 1030 2193 ipsam
1062 2130 1192 2172 vaccam
1223 2129 1351 2192 compa-

88 2228 219 2278 rassent.

190 2320 268 2383 ltem
292 2321 473 2402 Stephanus
489 2322 636 2384 atestabit
659 2321 737 2384 leria
753 2323 850 2385 tercia
871 2342 927 2405 per
951 2323 1089 2385 Paulum
1112 2323 1351 2385 mercenarium

88 2426 258 2488 Nicolaum
277 2425 401 2489 Odolas
413 2440 445 2490 et
457 2426 648 2489 familiarem
666 2430 763 2508 Luce,
775 2429 831 2510 qui
848 2429 1012 2510 quendam
1029 2430 1147 2491 bovem
1164 2429 1352 2492 scoriarunt.

191 2532 270 2595 ltem
294 2532 370 2595 luan
395 2547 504 2595 contra
530 2533 665 2596 luanum
689 2535 832 2597 secundo
857 2536 972 2597 citatus
998 2555 1063 2596 non
1091 2535 1283 2617 comparuit.

136 2767 233 2844 lerla
262 2775 368 2845 tercia
395 2775 550 2862 proxima
578 2781 656 2863 post
681 2774 805 2846 festum
824 2774 1032 2846 inversionis
1060 2781 1177 2846 sancte
1206 2776 1327 2847 crucis.

634 2925 681 3008 (4.
705 2930 796 3003 maii).

195 3064 304 3127 Primo
329 3066 464 3128 Mathias
487 3066 714 3150 stipendiarius
737 3081 848 3129 contra
865 3067 1006 3129 Blasium
1032 3067 1160 3130 racione
1188 3065 1354 3128 cuiusdam

91 3170 161 3233 libri
185 3190 280 3234 suurn
303 3186 339 3234 ut
362 3172 473 3234 debuit
495 3171 704 3253 solempniter
727 3172 877 3255 deposuit
900 3172 1128 3254 juramentum.

195 3278 274 3341 ltem
306 3278 409 3340 Lucas
442 3276 526 3339 filius
562 3278 665 3340 Draxe
699 3279 799 3340 Paulo
832 3279 941 3361 Kypar
981 3279 1012 3340 in
1045 3278 1217 3359 quindenis
1257 3296 1356 3338 unam

92 3403 229 3446 marcam
254 3383 396 3445 exsolvet
419 3383 494 3465 quia
514 3403 571 3466 per
594 3383 714 3445 Lucam
740 3384 926 3467 selliparum
951 3398 982 3446 et
999 3385 1155 3445 Jacobum
1184 3381 1357 3466 pellificem

92 3489 244 3553 atestavit.

196 3595 275 3658 ltem
310 3595 464 3658 Nicolaus
499 3596 712 3658 Zrebernicha
744 3610 855 3657 contra
887 3596 1064 3678 Symonem
1099 3595 1205 3679 primo
1244 3595 1358 3656 citatus

92 3721 157 3764 non
181 3701 372 3784 comparuit.

197 3807 275 3870 ltem
299 3807 379 3869 dum
403 3807 556 3870 Lucasius
579 3823 767 3891 procurator
783 3808 993 3870 dominorum
1017 3806 1056 3868 de
1081 3807 1203 3890 Blagay
1230 3826 1303 3869 cum
1319 3806 1357 3868 li·

91 3914 166 3976 teris
198 3912 361 3995 regalibus
391 3914 425 3976 in
459 3928 600 3977 nostram
635 3914 744 3977 sedem
776 3914 977 3995 judiciariam
1018 3914 1155 3976 venisset
1191 3913 1231 3974 ad
1269 3933 1357 3995 repe-

92 4019 206 4082 tendos
228 4020 343 4082 calices
365 4039 448 4102 qnos
472 4021 615 4103 Boleneg
636 4021 786 4082 sacerdos
810 4021 1055 4104 inpignorasset,
1079 4040 1155 4082 mox
1181 4020 1270 4082 idem
1293 4020 1356 4081 Bo·

92 4125 209 4208 lenegh
234 4126 382 4188 sacerdos
413 4125 553 4188 eundem
578 4127 700 4188 Lucam
731 4127 837 4189 verbis
869 4128 1016 4209 turpibus
1048 4125 1152 4188 affecit
1176 4140 1209 4189 et
1232 4125 1358 4207 vitupe-

92 4231 185 4295 riosis
209 4232 358 4313 dicendo,
382 4233 472 4315 quod
496 4231 574 4296 false
599 4233 728 4312 diceret,
753 4232 841 4315 quod
870 4234 937 4317 ipse
961 4233 1142 4295 voluntarie
1169 4233 1209 4295 de
1236 4232 1358 4315 Blagay

94 4338 283 4402 recessisset.
521 4350 525 4357 '

199 4446 280 4509 ltem
304 4447 452 4530 Mychael
476 4447 636 4530 Damyani
662 4462 771 4509 contra
794 4446 873 4507 luan
897 4446 1062 4508 Korosech
1088 4458 1202 4507 octavo
1227 4444 1279 4505 die
1304 4463 1361 4525 per

95 4550 173 4615 luen
189 4567 220 4614 et
243 4553 378 4616 alterum
396 4552 475 4616 luan
491 4553 649 4631 atestabit,
675 4553 762 4634 quod
779 4553 839 4615 sibi
857 4553 1000 4634 quodam
1017 4552 1128 4614 limum
1147 4565 1220 4612 ante
1234 4562 1360 4632 portam

96 4658 281 4723 carnificum
306 4659 456 4724 dedisset.

201 4767 280 4829 ltem
312 4766 387 4848 quia
421 4764 575 4849 Gyurgek
608 4778 716 4829 noster
755 4765 895 4827 concivis
927 4764 1112 4846 Philippum
1146 4762 1250 4823 filium
1282 4759 1360 4822 fisici

99 4887 226 4957 propter
257 4872 513 4936 submersionem
544 4871 593 4934 sui
625 4871 716 4954 pueri
741 4871 772 4932 in
803 4886 944 4933 nostram
976 4869 1173 4953 presenciam
1200 4869 1362 4947 citaverat,
