3404 5362
213 380 274 442 242
615 355 813 436 Ann01385.
836 392 880 401 -
897 371 954 434 30.
971 358 1063 434 jrmii.

318 574 397 636 Item
426 573 541 634 mulier
570 572 715 635 Ceuetna
742 592 799 654 per
827 569 1040 632 Janchecham
1066 582 1097 630 et
1120 567 1300 630 Barucham
1319 568 1473 644 mulieres,

214 680 291 741 dum
318 680 383 761 ipse
408 679 560 740 mulieres
584 678 623 739 de
641 676 765 739 Galicia
789 676 924 738 domum
941 675 1098 752 venerint,
1122 673 1183 736 hoc
1206 675 1368 750 attestabit,
1391 674 1472 755 quod

213 787 280 869 ipsa
305 785 463 867 quosdam
487 784 643 846 sotulares
667 802 733 845 non
757 783 971 845 subtraxisset.

319 892 395 953 Item
420 892 501 953 Kata
526 890 642 952 mulier
666 909 796 952 consors
819 889 940 950 Vrbani
965 901 1079 951 octavo
1103 887 1155 949 die
1179 907 1275 969 super
1299 906 1340 950 eo
1364 888 1475 968 jurabit

219 1012 374 1081 quantum
400 1017 461 1059 una
487 1016 610 1078 zapona
635 1016 692 1058 sua
716 996 809 1058 valet.

320 1103 398 1166 Item
424 1103 570 1164 Thomas
594 1103 692 1164 tercio
717 1122 749 1163 se
768 1116 883 1163 octavo
907 1100 959 1162 die
976 1119 1070 1181 super
1097 1119 1136 1162 eo
1153 1098 1282 1179 jurabit,
1307 1099 1397 1180 quod
1415 1100 1477 1181 ipse

214 1233 232 1274 a
259 1211 390 1272 domina
416 1209 532 1271 Iwania
558 1229 594 1271 ac
618 1229 676 1271 suo
710 1208 841 1270 homine
865 1206 1006 1268 sedecim
1037 1225 1152 1287 pensas
1182 1205 1390 1268 denariorum
1416 1225 1476 1267 non

217 1318 397 1399 recepisset,
422 1335 527 1397 neque
552 1336 625 1377 cum
652 1315 771 1376 eisdem
797 1313 923 1374 debitor
950 1311 1055 1373 fuerit.

324 1442 401 1502 Item
427 1441 590 1501 Iohannes
614 1438 698 1500 filius
723 1437 841 1500 Donati
859 1450 967 1498 contra
993 1435 1131 1517 judicem
1156 1435 1261 1518 prImo
1285 1435 1401 1497 citatus
1417 1455 1478 1497 non

215 1561 406 1630 comparuit.

319 1655 398 1716 Item
432 1655 570 1714 Iacobus
604 1654 709 1714 taskar
744 1665 853 1713 contra
890 1649 1057 1710 Marenum
1094 1647 1237 1710 secundo
1269 1648 1385 1710 citatus
1416 1667 1478 1709 non

215 1774 404 1842 comparuit.

321 1867 399 1928 Item
423 1864 577 1926 Nicolaus
601 1864 818 1945 carpentarius
850 1876 959 1924 contra
983 1861 1163 1923 Iohannem
1190 1861 1335 1923 secundo
1367 1861 1477 1923 citatus

179 2049 192 2075 ,
217 1991 283 2033 non
308 1972 497 2052 comparuit.

322 2094 400 2155 Item
425 2093 609 2155 AnthonIus
633 2091 753 2172 juratus
777 2106 892 2153 octavo
916 2092 968 2153 dIe
992 2110 1048 2173 per
1073 2090 1254 2152 Iohannem
1279 2091 1389 2169 Liber,
1414 2092 1478 2153 Ste-

218 2200 361 2280 phanum
393 2199 529 2260 condam
562 2198 702 2278 juratum
727 2210 757 2258 et
788 2197 968 2258 Barnabam
1000 2195 1197 2258 sacerdotem
1231 2194 1292 2258 hoc
1325 2196 1479 2273 atestabit,

214 2304 302 2385 quod
327 2304 431 2384 ipsum
456 2304 590 2386 Jurglyn
614 2304 744 2385 piliator
768 2304 987 2384 vituperasset.

246 2538 340 2612 FerIa
370 2548 467 2610 sexta
496 2544 650 2630 proxima
679 2550 755 2630 post
788 2541 910 2611 Iestum
940 2540 1139 2612 NativitatIs
1168 2539 1256 2610 beati
1287 2537 1456 2628 Johannis

760 2665 924 2754 Baptiste.

744 2836 808 2910 (30.
831 2835 939 2910 junii).

322 2989 399 3050 Item
425 2988 569 3050 Thomas
593 2990 730 3052 condam
759 2992 879 3072 juratus
903 3005 933 3052 et
957 3011 1012 3053 sua
1043 2990 1160 3052 ancilla
1184 3003 1296 3051 contra
1325 2989 1479 3052 Mathiam

215 3110 329 3156 octavo
354 3094 404 3155 die
428 3095 677 3176 respondebunt.

319 3200 396 3261 Item
430 3201 605 3281 Agustinus
647 3202 794 3263 sacerdos
838 3216 947 3287 contra
983 3202 1146 3264 Thomam
1183 3215 1297 3263 octavo
1338 3200 1394 3262 die
1435 3220 1481 3261 re·

215 3305 396 3387 spondehit.

321 3410 397 3471 Item
413 3411 573 3472 Janchech
587 3411 746 3474 aurifaber
759 3434 814 3495 per
829 3412 1006 3494 Georgium
1024 3413 1264 3475 stachunarium
1278 3426 1310 3474 et
1327 3412 1480 3477 Cosmam

215 3514 412 3577 aurifabrum
426 3532 540 3578 octavo
554 3518 605 3578 die
617 3517 676 3580 hoc
692 3520 849 3598 atestabit,
863 3520 950 3601 quod
965 3521 1070 3603 ipsum
1085 3519 1239 3582 ScitarIch
1257 3519 1478 3603 vituperasset.

321 3640 399 3702 Item
425 3641 586 3703 Iohannes
618 3642 702 3703 filius
727 3644 844 3705 Donati
877 3660 987 3707 contra
1017 3644 1159 3727 judicem
1191 3645 1335 3706 secundo
1368 3646 1481 3707 citatus

214 3767 278 3807 non
305 3749 493 3828 comparuit.

320 3854 396 3915 Item
422 3854 507 3915 idem
533 3854 695 3915 Iohannes
727 3871 835 3918 contra
861 3858 1032 3918 Nicolaum
1064 3857 1203 3937 juratum
1228 3856 1334 3937 primo
1368 3858 1482 3920 citatus

216 3979 279 4020 non
306 3961 493 4040 comparuit.

322 4064 399 4126 Item
414 4065 517 4125 Iwana
536 4066 653 4126 mulier
670 4079 778 4126 contra
793 4067 956 4129 Andream
974 4069 1078 4150 prImo
1095 4067 1190 4130 citata
1207 4087 1272 4129 non
1289 4069 1482 4152 comparuit.

319 4169 396 4231 Item
430 4169 562 4253 Gyanus
595 4172 747 4253 Hudolep
780 4188 889 4234 contra
920 4173 1096 4254 Georgium
1129 4174 1234 4256 primo
1266 4174 1384 4237 citatus
1418 4194 1482 4237 non

216 4277 405 4356 comparuit.

319 4381 396 4441 Item
427 4382 548 4463 Symon
582 4382 665 4445 filius
698 4383 888 4467 Chepernya
914 4399 1022 4446 contra
1057 4387 1162 4469 Kemp
1194 4386 1339 4450 secundo
1368 4390 1482 4452 citatus

215 4506 280 4547 non
305 4489 494 4568 comparuit.

320 4592 395 4652 Item
414 4612 506 4652 causa
533 4594 615 4655 Rees
632 4610 739 4656 contra
764 4596 880 4657 Worih
906 4610 937 4657 et
953 4598 1136 4679 Myinnum
1161 4600 1199 4660 ad
1225 4613 1378 4663 octavum
1395 4603 1480 4663 diem

214 4697 254 4757 ad
280 4717 391 4778 pacem
417 4713 462 4759 est
486 4714 622 4780 recepta.

321 4803 397 4865 Item
418 4805 566 4865 Marenus
583 4805 703 4882 juratus
720 4822 829 4868 contra
848 4807 1042 4890 Gregorium
1060 4825 1176 4873 octavo
1190 4811 1242 4873 die
1259 4812 1478 4894 respondebit.
