3404 5362
220 370 282 448 258
646 364 915 445 Ann0138t5,-
931 383 966 445 3.
984 370 1066 442 julii.

322 581 399 642 Item
418 582 514 663 Elyas
531 600 647 661 parvus
663 594 773 641 contra
792 577 899 641 Bartol
917 578 1058 639 secundo
1075 577 1189 639 citatus
1207 597 1271 638 non
1290 578 1477 660 comparuit.

322 688 398 747 Item
412 686 422 746 1
428 707 495 747 wan
508 685 669 747 Golozlau
683 699 791 747 contra
806 686 820 746 J
825 685 962 746 acobum
976 683 1080 765 primo
1091 684 1204 745 citatus
1214 703 1278 744 non
1290 684 1479 766 comparuit.

322 792 400 854 ltem
426 793 581 853 Martinus
613 792 708 873 Piper
739 806 849 852 eontra
882 789 1061 851 Johannem
1094 789 1235 851 secundo
1269 791 1385 851 citatus
1417 809 1480 850 non

216 899 405 978 mmmmm

322 1004 398 1064 Item
426 1003 577 1085 Gyurgek
604 1018 712 1065 contra
737 1004 892 1063 iacobum
918 1003 996 1063 Βοὴ
1014 1002 1157 1063 secundo
1174 1003 1288 1063 citatus
1305 1021 1372 1063 non
1399 1021 1484 1062 com·

216 1111 330 1191 paruit.

322 1216 399 1277 Item
426 1216 526 1276 Maiar
551 1229 659 1276 contra
685 1213 863 1295 Georgium
887 1214 1030 1274 secundo
1064 1214 1178 1275 citatus
1202 1233 1267 1274 non
1292 1213 1484 1295 comparuit.

322 1322 399 1383 Item
425 1321 533 1382 Bartol
558 1335 667 1382 contra
692 1333 872 1381 consortem
898 1319 1016 1381 Cosme
1047 1318 1199 1381 aurifabri
1225 1320 1331 1400 primo
1370 1320 1482 1381 citatus

216 1450 280 1491 non
307 1430 496 1510 comparuit.

323 1536 400 1598 Item
423 1555 516 1596 causa
543 1535 689 1595 Hanslini
716 1548 825 1594 contra
850 1531 928 1593 Scof
953 1532 993 1592 ad
1018 1546 1169 1594 octavum
1195 1533 1280 1593 diem
1305 1533 1346 1593 ad
1373 1553 1484 1614 pacem

216 1655 263 1703 est
288 1656 424 1723 recepta.

325 1748 403 1809 item
429 1747 563 1827 Egidius
587 1747 734 1807 sacerdos
766 1759 796 1806 et
821 1744 982 1806 Johannes
1015 1745 1158 1806 literatus
1189 1743 1404 1805 instrumenta
1429 1763 1483 1803 sua

216 1853 369 1915 exhibent
393 1854 424 1914 in
450 1853 622 1933 quindenis
647 1866 756 1913 contra
780 1852 946 1912 dominam
970 1869 1096 1912 socrum
1122 1849 1277 1910 Johannis
1303 1849 1415 1910 Vasas.

322 1960 399 2020 Item
415 1961 563 2020 Marenus
576 1972 678 2019 textor
695 1972 805 2018 contra
824 1957 900 2018 Scof
911 1957 1054 2018 secundo
1071 1956 1183 2017 citatus
1204 1975 1268 2016 non
1287 1956 1479 2036 comparuit.

322 2067 398 2127 Item
425 2067 519 2147 Piper
542 2080 652 2126 contra
679 2063 837 2145 Magdych
861 2078 976 2124 octavo
1001 2063 1052 2124 die
1078 2061 1294 2142 respondebit.

323 2173 398 2233 Item
426 2173 573 2234 Matheus
596 2186 706 2233 contra
733 2172 860 2232 Petrum
886 2170 1076 2249 Hungarum
1110 2167 1253 2229 secundo
1278 2168 1396 2228 citatus
1419 2187 1482 2228 non

217 2280 407 2361 comparuit.

323 2385 400 2447 Item
440 2384 602 2445 iohannes
636 2384 784 2466 Grachyn
823 2397 931 2444 contra
968 2381 1146 2443 Johannem
1190 2393 1305 2440 octavo
1342 2381 1396 2441 die
1439 2401 1483 2443 re·

217 2492 398 2572 spondebit.

323 2598 401 2658 Item
426 2616 518 2656 causa
545 2597 669 2677 Jaklyni
696 2610 805 2657 contra
834 2595 933 2655 Pazar
958 2594 997 2655 ad
1021 2608 1169 2657 octavum
1194 2594 1281 2655 diem
1306 2594 1347 2654 ad
1373 2613 1483 2675 pacem

216 2716 262 2762 est
292 2716 426 2782 recepta.

324 2807 401 2867 Item
421 2807 554 2868 Selezko
572 2823 681 2868 contra
699 2808 898 2890 Mychaelem
915 2807 1057 2868 secundo
1075 2808 1188 2869 citatus
1201 2826 1265 2868 non
1285 2808 1477 2888 comparuit.

321 2913 397 2973 Item
431 2913 590 2992 Georgius
615 2914 748 2974 voschar
772 2934 828 2994 per
853 2915 980 2974 Petrum
1014 2913 1208 2995 Megnesych
1241 2928 1270 2973 et
1296 2913 1479 2974 Johannem

216 3018 318 3080 filium
343 3019 427 3079 Petri
453 3035 565 3080 octavo
590 3021 641 3080 die
666 3021 726 3080 hoc
751 3021 908 3097 atestabit,
942 3020 1031 3100 quod
1056 3019 1163 3080 Endre
1189 3020 1255 3100 Syb
1280 3038 1384 3080 unum
1411 3019 1479 3080 flor.

217 3125 343 3186 debitor
368 3125 458 3187 foret.

321 3232 398 3292 Item
424 3233 574 3293 dominus
599 3232 732 3311 Egidius
755 3232 902 3292 sacerdos
927 3247 957 3292 et
982 3232 1113 3292 domina
1138 3232 1226 3292 Mare
1251 3229 1411 3312 (conisors
1427 3231 1479 3291 Jo-

215 3335 329 3397 hannis
353 3338 451 3398 Vasas
475 3358 575 3418 usque
601 3338 780 3418 quindenas
806 3335 965 3417 Gregorio
989 3337 1123 3400 solvent.

321 3442 397 3502 Item
424 3464 517 3503 causa
543 3444 653 3503 Briccii
681 3457 790 3504 contra
808 3443 941 3503 Hernko
965 3444 1005 3504 ad
1029 3456 1179 3504 octavum
1204 3442 1290 3502 diem
1309 3442 1350 3501 ad
1368 3462 1480 3524 pacem

215 3561 260 3608 est
286 3561 421 3628 recepta.

321 3653 398 3713 Item
425 3653 532 3714 Mathe
558 3655 705 3736 Ztoysich
739 3669 848 3715 contra
874 3653 1068 3733 Gregorium
1093 3654 1235 3716 secundo
1266 3654 1381 3715 citatus
1416 3674 1478 3715 non

215 3761 404 3839 comparuit.

321 3865 397 3926 Item
420 3867 580 3927 iohannes
598 3864 680 3925 iilius
697 3866 813 3927 Donati
841 3881 949 3926 contra
969 3865 1133 3947 Mathyam
1151 3866 1255 3946 primo
1273 3866 1390 3927 citatus
1414 3885 1478 3927 non

214 3971 403 4051 comparuit.

319 4077 396 4136 Item
421 4077 543 4137 Jursich
569 4090 678 4138 contra
704 4077 867 4158 Mathyam
889 4077 993 4157 primo
1019 4078 1132 4138 citatus
1149 4097 1212 4138 non
1239 4079 1433 4157 comparuit.

321 4181 396 4242 Item
423 4203 514 4242 causa
542 4183 630 4242 Pauli
661 4183 774 4243 literati
808 4183 849 4242 ita
882 4196 928 4242 est
962 4181 1109 4260 judicata,
1143 4182 1230 4264 quod
1256 4182 1324 4263 ipse
1358 4183 1481 4245 Paulus

213 4288 376 4367 quandam
402 4290 570 4368 pecuniam
590 4289 738 4350 videlicet
760 4288 970 4368 quadraginta
989 4288 1057 4350 flor.
1084 4288 1229 4369 Dragech
1246 4291 1377 4351 sartoris
1395 4291 1481 4373 apud

214 4391 329 4472 Gyuan
356 4394 524 4472 prohibere
549 4414 612 4454 nnn
640 4394 812 4474 potuisset;
838 4395 903 4474 ipse
929 4410 1035 4456 autem
1062 4394 1180 4455 Paulus
1204 4395 1321 4456 dictam
1347 4415 1478 4458 causam

213 4497 253 4557 ad
277 4498 426 4577 antiquos
451 4497 571 4575 judices
598 4498 781 4579 appellavit.

320 4605 397 4665 Item
431 4624 523 4664 causa
557 4605 731 4687 Mychaelis
765 4605 943 4687 Ortolflych
977 4621 1086 4667 contra
1120 4607 1227 4667 Hanse
1262 4606 1302 4666 ad
1328 4622 1481 4670 octavum

212 4710 299 4771 diem
325 4724 371 4771 est
396 4725 577 4791 prorogata.

319 4817 393 4876 Item
421 4818 510 4877 Hans
535 4818 720 4879 Carintinus
744 4818 885 4878 secundo
903 4837 935 4877 se
953 4832 1067 4878 octavo
1093 4818 1145 4879 die
1162 4838 1258 4899 super
1281 4836 1321 4878 eo
1347 4818 1481 4900 jurabit,
