<?xml version="1.0" encoding="UTF-8"?>
<!DOCTYPE html PUBLIC "-//W3C//DTD XHTML 1.0 Transitional//EN"
    "http://www.w3.org/TR/xhtml1/DTD/xhtml1-transitional.dtd">
<html xmlns="http://www.w3.org/1999/xhtml" xml:lang="en" lang="en">
 <head>
  <title>
</title>
<meta http-equiv="Content-Type" content="text/html;charset=utf-8" />
  <meta name='ocr-system' content='tesseract 3.04.00' />
  <meta name='ocr-capabilities' content='ocr_page ocr_carea ocr_par ocr_line ocrx_word'/>
</head>
<body>
  <div class='ocr_page' id='page_1' title='image "./monumentahistor04laszgoog/monumentahistor04laszgoog_0280.png"; bbox 0 0 3404 5362; ppageno 0'>
   <div class='ocr_carea' id='block_1_1' title="bbox 530 339 984 419">
    <p class='ocr_par' dir='ltr' id='par_1_1' title="bbox 530 339 984 419">
     <span class='ocr_line' id='line_1_1' title="bbox 530 339 984 419; baseline 0.004 -18"><span class='ocrx_word' id='word_1_1' title='bbox 530 345 616 401; x_wconf 80' lang='lat' dir='ltr'>Anno</span> <span class='ocrx_word' id='word_1_2' title='bbox 639 339 731 419; x_wconf 74' lang='lat'>1385.</span> <span class='ocrx_word' id='word_1_3' title='bbox 755 376 799 386; x_wconf 90' lang='lat'><em>-</em></span> <span class='ocrx_word' id='word_1_4' title='bbox 815 357 851 419; x_wconf 75' lang='lat'>3.</span> <span class='ocrx_word' id='word_1_5' title='bbox 875 344 984 403; x_wconf 77' lang='lat' dir='ltr'>ntartit&#39;.</span> 
     </span>
    </p>
   </div>
   <div class='ocr_carea' id='block_1_2' title="bbox 289 552 1258 1061">
    <p class='ocr_par' dir='ltr' id='par_1_2' title="bbox 290 552 875 638">
     <span class='ocr_line' id='line_1_2' title="bbox 290 552 875 638; baseline -0.003 -22"><span class='ocrx_word' id='word_1_6' title='bbox 290 555 368 617; x_wconf 89' lang='lat' dir='ltr'>Item</span> <span class='ocrx_word' id='word_1_7' title='bbox 402 555 567 638; x_wconf 85' lang='lat' dir='ltr'>Myklinus</span> <span class='ocrx_word' id='word_1_8' title='bbox 598 553 736 615; x_wconf 92' lang='lat' dir='ltr'>condam</span> <span class='ocrx_word' id='word_1_9' title='bbox 768 552 875 632; x_wconf 83' lang='lat' dir='ltr'>judex.</span> 
     </span>
    </p>

    <p class='ocr_par' dir='ltr' id='par_1_3' title="bbox 290 660 645 724">
     <span class='ocr_line' id='line_1_3' title="bbox 290 660 645 724; baseline -0.003 -2"><span class='ocrx_word' id='word_1_10' title='bbox 290 661 367 724; x_wconf 88' lang='lat' dir='ltr'>Item</span> <span class='ocrx_word' id='word_1_11' title='bbox 392 662 531 724; x_wconf 85' lang='lat' dir='ltr'>Iacobus</span> <span class='ocrx_word' id='word_1_12' title='bbox 556 660 645 722; x_wconf 91' lang='lat' dir='ltr'>Bole.</span> 
     </span>
    </p>

    <p class='ocr_par' dir='ltr' id='par_1_4' title="bbox 289 765 1258 1013">
     <span class='ocr_line' id='line_1_4' title="bbox 289 765 1258 850; baseline -0.001 -22"><span class='ocrx_word' id='word_1_13' title='bbox 289 767 369 830; x_wconf 88' lang='lat' dir='ltr'>Item</span> <span class='ocrx_word' id='word_1_14' title='bbox 395 766 543 850; x_wconf 89' lang='lat' dir='ltr'>Mychael</span> <span class='ocrx_word' id='word_1_15' title='bbox 568 765 746 849; x_wconf 91' lang='lat' dir='ltr'>Ortoflych.</span> <span class='ocrx_word' id='word_1_16' title='bbox 999 765 1258 827; x_wconf 88' lang='lat' dir='ltr'>Theutunicalis.</span> 
     </span>
     <span class='ocr_line' id='line_1_5' title="bbox 290 794 945 1013; baseline -0.003 -79"><span class='ocrx_word' id='word_1_17' title='bbox 290 873 368 936; x_wconf 86' lang='lat' dir='ltr'>Item</span> <span class='ocrx_word' id='word_1_18' title='bbox 394 873 556 935; x_wconf 88' lang='lat' dir='ltr'>Iohannes</span> <span class='ocrx_word' id='word_1_19' title='bbox 581 871 666 934; x_wconf 89' lang='lat' dir='ltr'>fiiius</span> <span class='ocrx_word' id='word_1_20' title='bbox 689 872 811 934; x_wconf 89' lang='lat' dir='ltr'>Jacobi.</span> <span class='ocrx_word' id='word_1_21' title='bbox 931 794 945 1013; x_wconf 76' lang='grc' dir='ltr'>Ι</span> 
     </span>
    </p>

    <p class='ocr_par' dir='ltr' id='par_1_5' title="bbox 290 978 719 1061">
     <span class='ocr_line' id='line_1_6' title="bbox 290 978 719 1061; baseline -0.005 -20"><span class='ocrx_word' id='word_1_22' title='bbox 290 980 367 1041; x_wconf 89' lang='lat' dir='ltr'>Item</span> <span class='ocrx_word' id='word_1_23' title='bbox 394 979 538 1041; x_wconf 81' lang='lat' dir='ltr'>Jairlinus</span> <span class='ocrx_word' id='word_1_24' title='bbox 562 978 719 1061; x_wconf 85' lang='lat' dir='ltr'>gladipat.</span> 
     </span>
    </p>
   </div>
   <div class='ocr_carea' id='block_1_3' title="bbox 289 1297 877 1678">
    <p class='ocr_par' dir='ltr' id='par_1_6' title="bbox 289 1297 644 1359">
     <span class='ocr_line' id='line_1_7' title="bbox 289 1297 644 1359; baseline 0 0"><span class='ocrx_word' id='word_1_25' title='bbox 289 1299 367 1359; x_wconf 87' lang='lat' dir='ltr'>Item</span> <span class='ocrx_word' id='word_1_26' title='bbox 393 1298 480 1359; x_wconf 90' lang='lat' dir='ltr'>Luca</span> <span class='ocrx_word' id='word_1_27' title='bbox 505 1297 644 1359; x_wconf 91' lang='lat' dir='ltr'>BonioIi.</span> 
     </span>
    </p>

    <p class='ocr_par' dir='ltr' id='par_1_7' title="bbox 289 1402 877 1572">
     <span class='ocr_line' id='line_1_8' title="bbox 290 1402 877 1466; baseline 0.002 -2"><span class='ocrx_word' id='word_1_28' title='bbox 290 1405 368 1466; x_wconf 88' lang='lat' dir='ltr'>Item</span> <span class='ocrx_word' id='word_1_29' title='bbox 397 1403 594 1466; x_wconf 77' lang='lat' dir='ltr'>Laurentius</span> <span class='ocrx_word' id='word_1_30' title='bbox 626 1402 711 1465; x_wconf 88' lang='lat' dir='ltr'>filius</span> <span class='ocrx_word' id='word_1_31' title='bbox 735 1402 877 1465; x_wconf 88' lang='lat' dir='ltr'>Thome.</span> 
     </span>
     <span class='ocr_line' id='line_1_9' title="bbox 289 1508 710 1572; baseline 0.005 -2"><span class='ocrx_word' id='word_1_32' title='bbox 289 1510 367 1571; x_wconf 85' lang='lat' dir='ltr'>Item</span> <span class='ocrx_word' id='word_1_33' title='bbox 391 1510 524 1571; x_wconf 88' lang='lat' dir='ltr'>Zakaria</span> <span class='ocrx_word' id='word_1_34' title='bbox 554 1508 710 1572; x_wconf 90' lang='lat' dir='ltr'>Gallicus.</span> 
     </span>
    </p>

    <p class='ocr_par' dir='ltr' id='par_1_8' title="bbox 289 1614 841 1678">
     <span class='ocr_line' id='line_1_10' title="bbox 289 1614 841 1678; baseline 0 -1"><span class='ocrx_word' id='word_1_35' title='bbox 289 1615 367 1677; x_wconf 91' lang='lat' dir='ltr'>Item</span> <span class='ocrx_word' id='word_1_36' title='bbox 393 1616 587 1678; x_wconf 87' lang='lat' dir='ltr'>Benedictus</span> <span class='ocrx_word' id='word_1_37' title='bbox 611 1614 841 1678; x_wconf 86' lang='lat' dir='ltr'>stachunarius.</span> 
     </span>
    </p>
   </div>
   <div class='ocr_carea' id='block_1_4' title="bbox 290 1191 949 1425">
    <p class='ocr_par' dir='ltr' id='par_1_9' title="bbox 290 1191 949 1425">
     <span class='ocr_line' id='line_1_11' title="bbox 290 1191 949 1425; baseline -0.005 -172"><span class='ocrx_word' id='word_1_38' title='bbox 290 1192 368 1253; x_wconf 89' lang='lat' dir='ltr'>Item</span> <span class='ocrx_word' id='word_1_39' title='bbox 391 1191 583 1253; x_wconf 88' lang='lat' dir='ltr'>Jakomello.</span> <span class='ocrx_word' id='word_1_40' title='bbox 933 1205 949 1425; x_wconf 63' lang='grc' dir='ltr'>ι</span> 
     </span>
    </p>
   </div>
   <div class='ocr_carea' id='block_1_5' title="bbox 1000 1401 1124 1463">
    <p class='ocr_par' dir='ltr' id='par_1_10' title="bbox 1000 1401 1124 1463">
     <span class='ocr_line' id='line_1_12' title="bbox 1000 1401 1124 1463; baseline 0 -1"><span class='ocrx_word' id='word_1_41' title='bbox 1000 1401 1124 1463; x_wconf 91' lang='lat' dir='ltr'>Latina.</span> 
     </span>
    </p>
   </div>
   <div class='ocr_carea' id='block_1_6' title="bbox 184 1850 1397 4527">
    <p class='ocr_par' dir='ltr' id='par_1_11' title="bbox 264 1850 1275 2064">
     <span class='ocr_line' id='line_1_13' title="bbox 264 1850 1275 1942; baseline 0.002 -19"><span class='ocrx_word' id='word_1_42' title='bbox 264 1850 360 1925; x_wconf 84' lang='lat' dir='ltr'>Ieria</span> <span class='ocrx_word' id='word_1_43' title='bbox 387 1856 497 1925; x_wconf 87' lang='lat' dir='ltr'>tercio</span> <span class='ocrx_word' id='word_1_44' title='bbox 524 1855 678 1942; x_wconf 88' lang='lat' dir='ltr'>proxima</span> <span class='ocrx_word' id='word_1_45' title='bbox 706 1862 783 1941; x_wconf 89' lang='lat' dir='ltr'>post</span> <span class='ocrx_word' id='word_1_46' title='bbox 810 1854 1011 1924; x_wconf 85' lang='lat' dir='ltr'>dominicam</span> <span class='ocrx_word' id='word_1_47' title='bbox 1039 1851 1275 1925; x_wconf 87' lang='lat' dir='ltr'>Reminiscere.</span> 
     </span>
     <span class='ocr_line' id='line_1_14' title="bbox 644 1985 894 2064; baseline 0.008 -18"><span class='ocrx_word' id='word_1_48' title='bbox 644 1985 708 2064; x_wconf 81' lang='lat'>(28.</span> <span class='ocrx_word' id='word_1_49' title='bbox 719 1989 894 2064; x_wconf 71' lang='lat' dir='ltr'>februaria).</span> 
     </span>
    </p>

    <p class='ocr_par' dir='ltr' id='par_1_12' title="bbox 236 2107 1397 2191">
     <span class='ocr_line' id='line_1_15' title="bbox 236 2107 1397 2191; baseline -0.003 -19"><span class='ocrx_word' id='word_1_50' title='bbox 236 2110 314 2172; x_wconf 87' lang='lat' dir='ltr'>Item</span> <span class='ocrx_word' id='word_1_51' title='bbox 340 2110 430 2172; x_wconf 90' lang='lat' dir='ltr'>Hans</span> <span class='ocrx_word' id='word_1_52' title='bbox 448 2109 525 2172; x_wconf 83' lang='lat' dir='ltr'>Scof</span> <span class='ocrx_word' id='word_1_53' title='bbox 539 2124 649 2173; x_wconf 90' lang='lat' dir='ltr'>contra</span> <span class='ocrx_word' id='word_1_54' title='bbox 668 2110 831 2172; x_wconf 86' lang='lat' dir='ltr'>Matheiko</span> <span class='ocrx_word' id='word_1_55' title='bbox 848 2109 966 2191; x_wconf 88' lang='lat' dir='ltr'>(primo</span> <span class='ocrx_word' id='word_1_56' title='bbox 983 2110 1097 2171; x_wconf 90' lang='lat' dir='ltr'>citatus</span> <span class='ocrx_word' id='word_1_57' title='bbox 1113 2128 1178 2171; x_wconf 90' lang='lat' dir='ltr'>non</span> <span class='ocrx_word' id='word_1_58' title='bbox 1193 2107 1397 2190; x_wconf 83' lang='lat' dir='ltr'>comparuit).</span> 
     </span>
    </p>

    <p class='ocr_par' dir='ltr' id='par_1_13' title="bbox 237 2214 1352 2298">
     <span class='ocr_line' id='line_1_16' title="bbox 237 2214 1352 2298; baseline 0 -21"><span class='ocrx_word' id='word_1_59' title='bbox 237 2215 316 2278; x_wconf 93' lang='lat' dir='ltr'>Item</span> <span class='ocrx_word' id='word_1_60' title='bbox 341 2217 451 2278; x_wconf 86' lang='lat' dir='ltr'>Petrus</span> <span class='ocrx_word' id='word_1_61' title='bbox 475 2230 584 2278; x_wconf 88' lang='lat' dir='ltr'>contra</span> <span class='ocrx_word' id='word_1_62' title='bbox 610 2215 773 2298; x_wconf 89' lang='lat' dir='ltr'>Philipum</span> <span class='ocrx_word' id='word_1_63' title='bbox 804 2216 909 2298; x_wconf 82' lang='lat' dir='ltr'>prImo</span> <span class='ocrx_word' id='word_1_64' title='bbox 938 2215 1052 2277; x_wconf 90' lang='lat' dir='ltr'>citatus</span> <span class='ocrx_word' id='word_1_65' title='bbox 1075 2235 1141 2277; x_wconf 93' lang='lat' dir='ltr'>non</span> <span class='ocrx_word' id='word_1_66' title='bbox 1162 2214 1352 2296; x_wconf 88' lang='lat' dir='ltr'>comparuit.</span> 
     </span>
    </p>

    <p class='ocr_par' dir='ltr' id='par_1_14' title="bbox 187 2320 1393 2509">
     <span class='ocr_line' id='line_1_17' title="bbox 235 2320 1393 2403; baseline -0.003 -20"><span class='ocrx_word' id='word_1_67' title='bbox 235 2321 314 2384; x_wconf 91' lang='lat' dir='ltr'>Item</span> <span class='ocrx_word' id='word_1_68' title='bbox 341 2322 538 2384; x_wconf 90' lang='lat' dir='ltr'>Laurencius</span> <span class='ocrx_word' id='word_1_69' title='bbox 561 2322 700 2383; x_wconf 89' lang='lat' dir='ltr'>condam</span> <span class='ocrx_word' id='word_1_70' title='bbox 731 2321 827 2403; x_wconf 81' lang='lat' dir='ltr'>judex</span> <span class='ocrx_word' id='word_1_71' title='bbox 859 2321 966 2383; x_wconf 88' lang='lat' dir='ltr'>dicere</span> <span class='ocrx_word' id='word_1_72' title='bbox 990 2321 1086 2383; x_wconf 93' lang='lat' dir='ltr'>debet</span> <span class='ocrx_word' id='word_1_73' title='bbox 1116 2321 1142 2382; x_wconf 92' lang='lat' dir='ltr'>si</span> <span class='ocrx_word' id='word_1_74' title='bbox 1167 2320 1283 2381; x_wconf 88' lang='lat' dir='ltr'>viderit</span> <span class='ocrx_word' id='word_1_75' title='bbox 1306 2320 1393 2381; x_wconf 89' lang='lat' dir='ltr'>Iwan</span> 
     </span>
     <span class='ocr_line' id='line_1_18' title="bbox 187 2428 579 2509; baseline 0.008 -21"><span class='ocrx_word' id='word_1_76' title='bbox 187 2443 352 2509; x_wconf 75' lang='lat' dir='ltr'>grentem,</span> <span class='ocrx_word' id='word_1_77' title='bbox 376 2442 491 2490; x_wconf 87' lang='lat' dir='ltr'>octavo</span> <span class='ocrx_word' id='word_1_78' title='bbox 515 2428 579 2492; x_wconf 92' lang='lat' dir='ltr'>die.</span> 
     </span>
    </p>

    <p class='ocr_par' dir='ltr' id='par_1_15' title="bbox 236 2533 1396 2617">
     <span class='ocr_line' id='line_1_19' title="bbox 236 2533 1396 2617; baseline 0 -22"><span class='ocrx_word' id='word_1_79' title='bbox 236 2533 315 2596; x_wconf 91' lang='lat' dir='ltr'>Item</span> <span class='ocrx_word' id='word_1_80' title='bbox 341 2533 487 2595; x_wconf 81' lang='lat' dir='ltr'>Thomas</span> <span class='ocrx_word' id='word_1_81' title='bbox 518 2547 628 2596; x_wconf 91' lang='lat' dir='ltr'>contra</span> <span class='ocrx_word' id='word_1_82' title='bbox 652 2534 803 2596; x_wconf 73' lang='lat' dir='ltr'>Iovaniam</span> <span class='ocrx_word' id='word_1_83' title='bbox 827 2534 933 2617; x_wconf 92' lang='lat' dir='ltr'>primo</span> <span class='ocrx_word' id='word_1_84' title='bbox 968 2534 1081 2596; x_wconf 92' lang='lat' dir='ltr'>citatus</span> <span class='ocrx_word' id='word_1_85' title='bbox 1104 2552 1170 2595; x_wconf 91' lang='lat' dir='ltr'>non</span> <span class='ocrx_word' id='word_1_86' title='bbox 1206 2533 1396 2615; x_wconf 90' lang='lat' dir='ltr'>comparuit.</span> 
     </span>
    </p>

    <p class='ocr_par' dir='ltr' id='par_1_16' title="bbox 235 2639 1269 2722">
     <span class='ocr_line' id='line_1_20' title="bbox 235 2639 1269 2722; baseline 0 -20"><span class='ocrx_word' id='word_1_87' title='bbox 235 2640 315 2702; x_wconf 87' lang='lat' dir='ltr'>Item</span> <span class='ocrx_word' id='word_1_88' title='bbox 341 2641 453 2703; x_wconf 87' lang='lat' dir='ltr'>Petrus</span> <span class='ocrx_word' id='word_1_89' title='bbox 477 2653 587 2701; x_wconf 91' lang='lat' dir='ltr'>contra</span> <span class='ocrx_word' id='word_1_90' title='bbox 612 2640 697 2702; x_wconf 88' lang='lat' dir='ltr'>Iwan</span> <span class='ocrx_word' id='word_1_91' title='bbox 721 2640 826 2722; x_wconf 91' lang='lat' dir='ltr'>primo</span> <span class='ocrx_word' id='word_1_92' title='bbox 851 2640 964 2702; x_wconf 90' lang='lat' dir='ltr'>citatus</span> <span class='ocrx_word' id='word_1_93' title='bbox 989 2658 1054 2700; x_wconf 91' lang='lat' dir='ltr'>non</span> <span class='ocrx_word' id='word_1_94' title='bbox 1079 2639 1269 2722; x_wconf 90' lang='lat' dir='ltr'>comparuit.</span> 
     </span>
    </p>

    <p class='ocr_par' dir='ltr' id='par_1_17' title="bbox 185 2745 1397 2935">
     <span class='ocr_line' id='line_1_21' title="bbox 237 2745 1397 2830; baseline -0.001 -23"><span class='ocrx_word' id='word_1_95' title='bbox 237 2746 316 2809; x_wconf 89' lang='lat' dir='ltr'>Item</span> <span class='ocrx_word' id='word_1_96' title='bbox 341 2745 518 2828; x_wconf 85' lang='lat' dir='ltr'>Gregorius</span> <span class='ocrx_word' id='word_1_97' title='bbox 535 2746 754 2830; x_wconf 86' lang='lat' dir='ltr'>Wlkmanych</span> <span class='ocrx_word' id='word_1_98' title='bbox 771 2761 801 2808; x_wconf 91' lang='lat' dir='ltr'>et</span> <span class='ocrx_word' id='word_1_99' title='bbox 818 2745 1065 2809; x_wconf 87' lang='lat' dir='ltr'>Bartholomeus</span> <span class='ocrx_word' id='word_1_100' title='bbox 1082 2759 1192 2808; x_wconf 88' lang='lat' dir='ltr'>contra</span> <span class='ocrx_word' id='word_1_101' title='bbox 1215 2745 1397 2808; x_wconf 85' lang='lat' dir='ltr'>Iohannem</span> 
     </span>
     <span class='ocr_line' id='line_1_22' title="bbox 185 2852 905 2935; baseline 0.006 -21"><span class='ocrx_word' id='word_1_102' title='bbox 185 2865 291 2914; x_wconf 89' lang='lat' dir='ltr'>ratum</span> <span class='ocrx_word' id='word_1_103' title='bbox 316 2853 422 2935; x_wconf 92' lang='lat' dir='ltr'>primo</span> <span class='ocrx_word' id='word_1_104' title='bbox 446 2852 532 2914; x_wconf 89' lang='lat' dir='ltr'>citati</span> <span class='ocrx_word' id='word_1_105' title='bbox 557 2871 622 2913; x_wconf 91' lang='lat' dir='ltr'>non</span> <span class='ocrx_word' id='word_1_106' title='bbox 648 2868 905 2935; x_wconf 88' lang='lat' dir='ltr'>comparuerunt.</span> 
     </span>
    </p>

    <p class='ocr_par' dir='ltr' id='par_1_18' title="bbox 184 2957 1395 3148">
     <span class='ocr_line' id='line_1_23' title="bbox 237 2957 1395 3042; baseline -0.001 -22"><span class='ocrx_word' id='word_1_107' title='bbox 237 2959 316 3020; x_wconf 90' lang='lat' dir='ltr'>Item</span> <span class='ocrx_word' id='word_1_108' title='bbox 333 2959 419 3020; x_wconf 91' lang='lat' dir='ltr'>Iwan</span> <span class='ocrx_word' id='word_1_109' title='bbox 437 2957 596 3020; x_wconf 89' lang='lat' dir='ltr'>Wrouieh</span> <span class='ocrx_word' id='word_1_110' title='bbox 620 2972 730 3021; x_wconf 90' lang='lat' dir='ltr'>contra</span> <span class='ocrx_word' id='word_1_111' title='bbox 747 2958 948 3020; x_wconf 81' lang='lat' dir='ltr'>Anthonium</span> <span class='ocrx_word' id='word_1_112' title='bbox 973 2959 1136 3020; x_wconf 91' lang='lat' dir='ltr'>literatum</span> <span class='ocrx_word' id='word_1_113' title='bbox 1152 2958 1258 3042; x_wconf 90' lang='lat' dir='ltr'>primo</span> <span class='ocrx_word' id='word_1_114' title='bbox 1280 2958 1395 3020; x_wconf 90' lang='lat' dir='ltr'>citatus</span> 
     </span>
     <span class='ocr_line' id='line_1_24' title="bbox 184 3065 412 3148; baseline 0 -21"><span class='ocrx_word' id='word_1_115' title='bbox 184 3085 194 3127; x_wconf 84' lang='lat' dir='ltr'>t</span> <span class='ocrx_word' id='word_1_116' title='bbox 221 3065 412 3148; x_wconf 84' lang='lat' dir='ltr'>comparuit.</span> 
     </span>
    </p>

    <p class='ocr_par' dir='ltr' id='par_1_19' title="bbox 184 3169 1393 3360">
     <span class='ocr_line' id='line_1_25' title="bbox 235 3169 1393 3253; baseline -0.001 -21"><span class='ocrx_word' id='word_1_117' title='bbox 235 3170 314 3233; x_wconf 94' lang='lat' dir='ltr'>Item</span> <span class='ocrx_word' id='word_1_118' title='bbox 338 3169 497 3252; x_wconf 86' lang='lat' dir='ltr'>Georgius</span> <span class='ocrx_word' id='word_1_119' title='bbox 524 3171 763 3232; x_wconf 88' lang='lat' dir='ltr'>molendinator</span> <span class='ocrx_word' id='word_1_120' title='bbox 795 3185 904 3232; x_wconf 88' lang='lat' dir='ltr'>contra</span> <span class='ocrx_word' id='word_1_121' title='bbox 938 3170 1117 3233; x_wconf 89' lang='lat' dir='ltr'>Iohannem</span> <span class='ocrx_word' id='word_1_122' title='bbox 1149 3170 1254 3253; x_wconf 91' lang='lat' dir='ltr'>primo</span> <span class='ocrx_word' id='word_1_123' title='bbox 1277 3170 1393 3232; x_wconf 90' lang='lat' dir='ltr'>citatus</span> 
     </span>
     <span class='ocr_line' id='line_1_26' title="bbox 184 3278 412 3360; baseline 0.004 -20"><span class='ocrx_word' id='word_1_124' title='bbox 184 3298 195 3340; x_wconf 85' lang='grc' dir='ltr'><strong>ι</strong></span> <span class='ocrx_word' id='word_1_125' title='bbox 223 3278 412 3360; x_wconf 90' lang='lat' dir='ltr'>comparuit.</span> 
     </span>
    </p>

    <p class='ocr_par' dir='ltr' id='par_1_20' title="bbox 184 3381 1396 3572">
     <span class='ocr_line' id='line_1_27' title="bbox 235 3381 1396 3465; baseline -0.003 -20"><span class='ocrx_word' id='word_1_126' title='bbox 235 3383 314 3446; x_wconf 86' lang='lat' dir='ltr'>Item</span> <span class='ocrx_word' id='word_1_127' title='bbox 337 3398 443 3445; x_wconf 86' lang='lat' dir='ltr'>custos</span> <span class='ocrx_word' id='word_1_128' title='bbox 475 3384 599 3445; x_wconf 89' lang='lat' dir='ltr'>Blasius</span> <span class='ocrx_word' id='word_1_129' title='bbox 634 3396 743 3445; x_wconf 90' lang='lat' dir='ltr'>contra</span> <span class='ocrx_word' id='word_1_130' title='bbox 777 3383 913 3444; x_wconf 87' lang='lat' dir='ltr'>Paulum</span> <span class='ocrx_word' id='word_1_131' title='bbox 947 3382 1108 3444; x_wconf 89' lang='lat' dir='ltr'>literatum</span> <span class='ocrx_word' id='word_1_132' title='bbox 1141 3384 1245 3465; x_wconf 89' lang='lat' dir='ltr'>primo</span> <span class='ocrx_word' id='word_1_133' title='bbox 1279 3381 1396 3443; x_wconf 87' lang='lat' dir='ltr'>citatus</span> 
     </span>
     <span class='ocr_line' id='line_1_28' title="bbox 184 3489 412 3572; baseline -0.013 -19"><span class='ocrx_word' id='word_1_134' title='bbox 184 3511 194 3553; x_wconf 84' lang='lat' dir='ltr'>t</span> <span class='ocrx_word' id='word_1_135' title='bbox 221 3489 412 3572; x_wconf 88' lang='lat' dir='ltr'>comparuit.</span> 
     </span>
    </p>

    <p class='ocr_par' dir='ltr' id='par_1_21' title="bbox 184 3593 1393 3784">
     <span class='ocr_line' id='line_1_29' title="bbox 236 3593 1393 3677; baseline -0.003 -19"><span class='ocrx_word' id='word_1_136' title='bbox 236 3597 313 3659; x_wconf 90' lang='lat' dir='ltr'>Item</span> <span class='ocrx_word' id='word_1_137' title='bbox 339 3595 535 3658; x_wconf 90' lang='lat' dir='ltr'>Biharuarad</span> <span class='ocrx_word' id='word_1_138' title='bbox 563 3610 672 3657; x_wconf 88' lang='lat' dir='ltr'>contra</span> <span class='ocrx_word' id='word_1_139' title='bbox 698 3595 913 3657; x_wconf 90' lang='lat' dir='ltr'>Laurencium</span> <span class='ocrx_word' id='word_1_140' title='bbox 945 3595 1082 3657; x_wconf 91' lang='lat' dir='ltr'>condam</span> <span class='ocrx_word' id='word_1_141' title='bbox 1115 3595 1254 3677; x_wconf 90' lang='lat' dir='ltr'>judicem</span> <span class='ocrx_word' id='word_1_142' title='bbox 1288 3593 1393 3676; x_wconf 90' lang='lat' dir='ltr'>primo</span> 
     </span>
     <span class='ocr_line' id='line_1_30' title="bbox 184 3703 551 3784; baseline -0.008 -18"><span class='ocrx_word' id='word_1_143' title='bbox 184 3716 244 3766; x_wconf 79' lang='lat' dir='ltr'>otus</span> <span class='ocrx_word' id='word_1_144' title='bbox 267 3722 332 3765; x_wconf 93' lang='lat' dir='ltr'>non</span> <span class='ocrx_word' id='word_1_145' title='bbox 361 3703 551 3784; x_wconf 89' lang='lat' dir='ltr'>comparuit.</span> 
     </span>
    </p>

    <p class='ocr_par' dir='ltr' id='par_1_22' title="bbox 184 3805 1394 3997">
     <span class='ocr_line' id='line_1_31' title="bbox 233 3805 1394 3890; baseline -0.003 -20"><span class='ocrx_word' id='word_1_146' title='bbox 233 3808 312 3871; x_wconf 92' lang='lat' dir='ltr'>Item</span> <span class='ocrx_word' id='word_1_147' title='bbox 336 3828 431 3870; x_wconf 89' lang='lat' dir='ltr'>causa</span> <span class='ocrx_word' id='word_1_148' title='bbox 462 3807 614 3890; x_wconf 86' lang='lat' dir='ltr'>Stephani</span> <span class='ocrx_word' id='word_1_149' title='bbox 648 3821 757 3869; x_wconf 91' lang='lat' dir='ltr'>contra</span> <span class='ocrx_word' id='word_1_150' title='bbox 782 3805 961 3888; x_wconf 83' lang='lat' dir='ltr'>Georgium</span> <span class='ocrx_word' id='word_1_151' title='bbox 993 3808 1033 3869; x_wconf 92' lang='lat' dir='ltr'>ad</span> <span class='ocrx_word' id='word_1_152' title='bbox 1064 3821 1214 3870; x_wconf 87' lang='lat' dir='ltr'>octavum</span> <span class='ocrx_word' id='word_1_153' title='bbox 1240 3806 1325 3868; x_wconf 90' lang='lat' dir='ltr'>diem</span> <span class='ocrx_word' id='word_1_154' title='bbox 1354 3805 1394 3867; x_wconf 92' lang='lat' dir='ltr'>ad</span> 
     </span>
     <span class='ocr_line' id='line_1_32' title="bbox 184 3929 473 3997; baseline 0.007 -23"><span class='ocrx_word' id='word_1_155' title='bbox 184 3935 243 3979; x_wconf 85' lang='lat' dir='ltr'>:em</span> <span class='ocrx_word' id='word_1_156' title='bbox 267 3929 313 3977; x_wconf 86' lang='lat' dir='ltr'>est</span> <span class='ocrx_word' id='word_1_157' title='bbox 336 3929 473 3997; x_wconf 88' lang='lat' dir='ltr'>recepta.</span> 
     </span>
    </p>

    <p class='ocr_par' dir='ltr' id='par_1_23' title="bbox 184 4015 1396 4208">
     <span class='ocr_line' id='line_1_33' title="bbox 236 4015 1396 4083; baseline -0.003 -2"><span class='ocrx_word' id='word_1_158' title='bbox 236 4020 314 4082; x_wconf 91' lang='lat' dir='ltr'>Item</span> <span class='ocrx_word' id='word_1_159' title='bbox 348 4020 485 4083; x_wconf 89' lang='lat' dir='ltr'>Cosmas</span> <span class='ocrx_word' id='word_1_160' title='bbox 517 4019 677 4082; x_wconf 84' lang='lat' dir='ltr'>aurifaber</span> <span class='ocrx_word' id='word_1_161' title='bbox 708 4035 739 4081; x_wconf 89' lang='lat' dir='ltr'>et</span> <span class='ocrx_word' id='word_1_162' title='bbox 771 4020 839 4082; x_wconf 87' lang='lat' dir='ltr'>eius</span> <span class='ocrx_word' id='word_1_163' title='bbox 871 4019 977 4081; x_wconf 89' lang='lat' dir='ltr'>socius</span> <span class='ocrx_word' id='word_1_164' title='bbox 1009 4033 1118 4081; x_wconf 91' lang='lat' dir='ltr'>contra</span> <span class='ocrx_word' id='word_1_165' title='bbox 1154 4019 1266 4079; x_wconf 87' lang='lat' dir='ltr'>Ewam</span> <span class='ocrx_word' id='word_1_166' title='bbox 1297 4015 1396 4079; x_wconf 84' lang='lat' dir='ltr'>filiam</span> 
     </span>
     <span class='ocr_line' id='line_1_34' title="bbox 184 4126 857 4208; baseline 0.001 -20"><span class='ocrx_word' id='word_1_167' title='bbox 184 4146 241 4188; x_wconf 91' lang='lat' dir='ltr'>ren</span> <span class='ocrx_word' id='word_1_168' title='bbox 265 4127 369 4208; x_wconf 85' lang='lat' dir='ltr'>prImo</span> <span class='ocrx_word' id='word_1_169' title='bbox 394 4126 480 4187; x_wconf 91' lang='lat' dir='ltr'>citati</span> <span class='ocrx_word' id='word_1_170' title='bbox 506 4146 570 4187; x_wconf 92' lang='lat' dir='ltr'>non</span> <span class='ocrx_word' id='word_1_171' title='bbox 600 4139 857 4208; x_wconf 89' lang='lat' dir='ltr'>comparuerunt.</span> 
     </span>
    </p>

    <p class='ocr_par' dir='ltr' id='par_1_24' title="bbox 236 4229 1393 4314">
     <span class='ocr_line' id='line_1_35' title="bbox 236 4229 1393 4314; baseline 0 -22"><span class='ocrx_word' id='word_1_172' title='bbox 236 4231 314 4293; x_wconf 93' lang='lat' dir='ltr'>Item</span> <span class='ocrx_word' id='word_1_173' title='bbox 328 4232 511 4294; x_wconf 83' lang='lat' dir='ltr'>Anthonius</span> <span class='ocrx_word' id='word_1_174' title='bbox 524 4245 633 4293; x_wconf 90' lang='lat' dir='ltr'>contra</span> <span class='ocrx_word' id='word_1_175' title='bbox 649 4232 858 4293; x_wconf 88' lang='lat' dir='ltr'>Benedictum</span> <span class='ocrx_word' id='word_1_176' title='bbox 871 4232 976 4314; x_wconf 85' lang='lat' dir='ltr'>prImo</span> <span class='ocrx_word' id='word_1_177' title='bbox 994 4231 1107 4292; x_wconf 90' lang='lat' dir='ltr'>citatus</span> <span class='ocrx_word' id='word_1_178' title='bbox 1121 4248 1185 4290; x_wconf 91' lang='lat' dir='ltr'>non</span> <span class='ocrx_word' id='word_1_179' title='bbox 1203 4229 1393 4309; x_wconf 92' lang='lat' dir='ltr'>comparuit.</span> 
     </span>
    </p>

    <p class='ocr_par' dir='ltr' id='par_1_25' title="bbox 184 4336 1395 4527">
     <span class='ocr_line' id='line_1_36' title="bbox 236 4336 1395 4421; baseline -0.003 -21"><span class='ocrx_word' id='word_1_180' title='bbox 236 4338 313 4400; x_wconf 90' lang='lat' dir='ltr'>Item</span> <span class='ocrx_word' id='word_1_181' title='bbox 328 4338 491 4421; x_wconf 85' lang='lat' dir='ltr'>Myklinus</span> <span class='ocrx_word' id='word_1_182' title='bbox 508 4351 608 4399; x_wconf 90' lang='lat' dir='ltr'>sartor</span> <span class='ocrx_word' id='word_1_183' title='bbox 622 4353 731 4400; x_wconf 88' lang='lat' dir='ltr'>contra</span> <span class='ocrx_word' id='word_1_184' title='bbox 745 4338 889 4399; x_wconf 90' lang='lat' dir='ltr'>Katriam</span> <span class='ocrx_word' id='word_1_185' title='bbox 903 4337 1071 4399; x_wconf 91' lang='lat' dir='ltr'>mulierem</span> <span class='ocrx_word' id='word_1_186' title='bbox 1085 4336 1190 4418; x_wconf 91' lang='lat' dir='ltr'>primo</span> <span class='ocrx_word' id='word_1_187' title='bbox 1204 4336 1317 4397; x_wconf 89' lang='lat' dir='ltr'>citatus</span> <span class='ocrx_word' id='word_1_188' title='bbox 1329 4354 1395 4397; x_wconf 93' lang='lat' dir='ltr'>non</span> 
     </span>
     <span class='ocr_line' id='line_1_37' title="bbox 184 4458 320 4527; baseline -0.015 -20"><span class='ocrx_word' id='word_1_189' title='bbox 184 4458 320 4527; x_wconf 80' lang='lat' dir='ltr'>nparurt.</span> 
     </span>
    </p>
   </div>
   <div class='ocr_carea' id='block_1_7' title="bbox 237 4575 1392 5023">
    <p class='ocr_par' dir='ltr' id='par_1_26' title="bbox 237 4575 1392 5023">
     <span class='ocr_line' id='line_1_38' title="bbox 563 4575 969 4666; baseline -0.002 -18"><span class='ocrx_word' id='word_1_190' title='bbox 563 4575 659 4650; x_wconf 84' lang='lat' dir='ltr'>Faria</span> <span class='ocrx_word' id='word_1_191' title='bbox 688 4587 786 4649; x_wconf 84' lang='lat' dir='ltr'>sexta</span> <span class='ocrx_word' id='word_1_192' title='bbox 815 4598 969 4666; x_wconf 87' lang='lat' dir='ltr'>sequens.</span> 
     </span>
     <span class='ocr_line' id='line_1_39' title="bbox 670 4710 864 4793; baseline 0.015 -23"><span class='ocrx_word' id='word_1_193' title='bbox 670 4710 716 4789; x_wconf 76' lang='lat'>(3.</span> <span class='ocrx_word' id='word_1_194' title='bbox 739 4711 864 4793; x_wconf 83' lang='lat' dir='ltr'>martii).</span> 
     </span>
     <span class='ocr_line' id='line_1_40' title="bbox 237 4833 1392 4916; baseline 0 -20"><span class='ocrx_word' id='word_1_195' title='bbox 237 4834 313 4897; x_wconf 89' lang='lat' dir='ltr'>Item</span> <span class='ocrx_word' id='word_1_196' title='bbox 340 4835 536 4897; x_wconf 90' lang='lat' dir='ltr'>Biharuarad</span> <span class='ocrx_word' id='word_1_197' title='bbox 570 4848 679 4897; x_wconf 90' lang='lat' dir='ltr'>contra</span> <span class='ocrx_word' id='word_1_198' title='bbox 704 4835 919 4896; x_wconf 90' lang='lat' dir='ltr'>Laurencium</span> <span class='ocrx_word' id='word_1_199' title='bbox 951 4849 1066 4896; x_wconf 87' lang='lat' dir='ltr'>octavo</span> <span class='ocrx_word' id='word_1_200' title='bbox 1089 4834 1140 4895; x_wconf 86' lang='lat' dir='ltr'>die</span> <span class='ocrx_word' id='word_1_201' title='bbox 1174 4833 1392 4916; x_wconf 89' lang='lat' dir='ltr'>respondebit.</span> 
     </span>
     <span class='ocr_line' id='line_1_41' title="bbox 237 4940 1392 5023; baseline 0.001 -20"><span class='ocrx_word' id='word_1_202' title='bbox 237 4940 315 5003; x_wconf 86' lang='lat' dir='ltr'>Item</span> <span class='ocrx_word' id='word_1_203' title='bbox 340 4941 451 5003; x_wconf 86' lang='lat' dir='ltr'>Petrus</span> <span class='ocrx_word' id='word_1_204' title='bbox 474 4942 591 5023; x_wconf 84' lang='lat' dir='ltr'>longus</span> <span class='ocrx_word' id='word_1_205' title='bbox 614 4956 724 5004; x_wconf 88' lang='lat' dir='ltr'>contra</span> <span class='ocrx_word' id='word_1_206' title='bbox 749 4941 829 5004; x_wconf 91' lang='lat' dir='ltr'>Bole</span> <span class='ocrx_word' id='word_1_207' title='bbox 857 4941 963 5023; x_wconf 91' lang='lat' dir='ltr'>primo</span> <span class='ocrx_word' id='word_1_208' title='bbox 980 4941 1094 5004; x_wconf 88' lang='lat' dir='ltr'>citatus</span> <span class='ocrx_word' id='word_1_209' title='bbox 1111 4959 1177 5001; x_wconf 90' lang='lat' dir='ltr'>non</span> <span class='ocrx_word' id='word_1_210' title='bbox 1202 4940 1392 5020; x_wconf 86' lang='lat' dir='ltr'>comparuit.</span> 
     </span>
    </p>
   </div>
   <div class='ocr_carea' id='block_1_8' title="bbox 0 0 1706 5362">
    <p class='ocr_par' dir='ltr' id='par_1_27' title="bbox 0 0 1706 5362">
     <span class='ocr_line' id='line_1_42' title="bbox 0 0 1706 5362; baseline 0 0"><span class='ocrx_word' id='word_1_211' title='bbox 0 0 1706 5362; x_wconf 95' lang='lat' dir='ltr'> </span> 
     </span>
    </p>
   </div>
  </div>
 </body>
</html>
