3404 5362
523 346 609 403 Anno
632 341 724 422 1382.
752 379 793 388 -
810 359 867 421 50.
891 347 971 406 maii.
1327 363 1383 425 175

225 556 303 617 Item
340 555 501 637 Georgius
537 556 721 639 Blanchych
763 570 872 617 contra
916 557 1059 617 Marcum
1104 555 1208 617 filium
1248 556 1386 639 Mykech

111 661 223 742 primo
247 661 362 723 citatus
386 681 451 722 non
477 663 668 744 comparuit.

222 767 301 829 Item
327 767 520 829 Benedictus
543 766 685 830 carnifex
710 767 874 850 Scornych
903 782 1013 828 contra
1039 766 1217 847 Georgium
1243 769 1386 829 secundo

107 875 230 935 citatus
254 893 320 935 non
348 874 538 955 comparuit.

222 981 300 1041 Item
322 978 484 1060 Georgius
509 979 648 1041 SidouIn
673 994 783 1042 contra
805 979 923 1061 Stepan
949 980 1054 1061 primo
1072 979 1186 1041 citatus
1209 999 1273 1041 non
1298 999 1385 1041 com-

106 1086 233 1168 paruit.

221 1192 299 1254 Item
326 1192 455 1255 Gerdak
480 1206 589 1255 contra
613 1194 763 1254 abbatem
788 1191 932 1253 secundo
956 1193 1071 1253 citatus
1103 1211 1168 1252 non
1194 1192 1385 1273 comparuit.

226 1298 305 1361 Item
331 1319 424 1361 causa
457 1300 595 1361 Emerici
628 1299 791 1380 arcuparis
822 1311 931 1360 contra
964 1296 1071 1359 Endre
1104 1296 1239 1379 figulum
1262 1297 1301 1358 ad
1334 1318 1386 1359 oc-

111 1420 229 1468 tavum
253 1406 340 1467 diem
363 1407 403 1467 ad
428 1425 540 1488 pacem
566 1418 613 1466 est
637 1419 772 1486 recepta.

224 1512 302 1573 Item
339 1512 453 1595 Cygan
495 1526 606 1574 contra
638 1510 832 1592 Gregorium
864 1510 1004 1592 juratum
1035 1510 1286 1592 primocitatus
1321 1531 1387 1572 non

115 1619 308 1700 comparuit.

224 1725 303 1786 Item
328 1723 490 1805 Georgius
515 1725 613 1786 Loter
636 1738 746 1785 contra
763 1723 904 1784 eundem
929 1722 1124 1804 Gregorium
1146 1722 1252 1804 primo
1271 1724 1384 1785 citatus

112 1851 181 1892 non
207 1831 398 1912 comparuit.

223 1938 301 1999 Item
327 1936 495 1998 Ladislaus
530 1936 614 1996 tular
646 1950 760 1997 octavo
792 1936 844 1996 die
876 1955 933 2017 per
966 1935 1085 1995 Lucam
1123 1933 1320 2016 Ireniparum
1354 1949 1386 1996 et

116 2043 281 2105 Thomam
306 2043 429 2104 dictum
447 2041 653 2124 Ztarinichyn
677 2042 738 2103 hoc
755 2041 913 2119 atestabit‚
938 2040 1026 2121 quod
1045 2041 1149 2121 ipsum
1175 2040 1286 2102 Jakkel
1303 2041 1385 2101 vitu·

117 2164 268 2231 perasset.

223 2255 303 2317 Item
336 2253 497 2335 Georgius
528 2268 630 2317 sartor
653 2254 753 2314 tercio
784 2273 818 2314 se
848 2267 962 2313 octavo
991 2251 1042 2312 die
1075 2270 1233 2332 supereo
1258 2250 1385 2330 jurabit,

117 2362 204 2443 quod
231 2362 298 2443 ipse
327 2359 490 2442 quandam
509 2360 622 2420 ciclam
640 2360 766 2421 mulieri
795 2357 967 2441 Augustini
986 2377 1052 2419 non
1073 2358 1262 2419 subtraxerit
1280 2378 1383 2440 neque

117 2488 153 2528 ex
177 2468 258 2528 scitu
283 2486 342 2528 suo
367 2468 526 2528 subtracta
555 2464 660 2527 fuerit.

224 2573 302 2635 Item
330 2573 440 2634 Marco
473 2572 511 2632 de
545 2572 635 2632 Nova
668 2572 745 2632 villa
769 2572 912 2633 secundo
943 2592 976 2632 se
1009 2585 1123 2634 octavo
1148 2571 1199 2633 die
1223 2591 1320 2652 super
1344 2590 1384 2632 eo

119 2679 246 2759 jurabit,
271 2679 360 2761 quod
385 2679 491 2760 ipsum
517 2679 714 2739 Laurentius
738 2678 898 2758 usquead
923 2680 1113 2761 sanguinem
1139 2678 1339 2760 percusserit.

225 2786 303 2847 Item
331 2804 426 2846 causa
451 2785 518 2845 Juri
535 2784 664 2845 sartoris
688 2799 798 2846 contra
814 2785 986 2846 Nicolaum
1009 2784 1145 2867 figulum
1170 2785 1209 2846 ad
1235 2800 1384 2849 octavum

117 2889 201 2951 diem
225 2890 265 2951 ad
290 2909 403 2972 pacem
428 2904 474 2950 est
498 2903 634 2970 recepta.

223 2997 301 3058 Item
327 3015 422 3057 causa
446 2995 620 3077 Dragonya
644 3008 754 3056 contra
780 2996 965 3058 Emericum
989 2997 1029 3058 ad
1057 3011 1207 3059 octavum
1232 2998 1318 3059 diem
1343 2997 1384 3058 ad

117 3121 226 3183 pacem
252 3116 298 3162 est
321 3115 458 3184 recepta.

221 3208 300 3269 Item
325 3208 414 3289 quod
439 3208 515 3289 quia
540 3207 703 3269 lohannes
719 3227 841 3289 anepus
866 3209 1006 3269 custodis
1031 3208 1062 3269 id
1089 3223 1135 3270 est
1159 3208 1271 3287 fassus,
1294 3209 1382 3290 quod

117 3312 181 3394 ipse
215 3314 360 3375 BIasium
395 3313 593 3375 aurifabrum
630 3313 837 3391 vulnerasset,
870 3314 944 3376 ideo
977 3315 1044 3397 ipse
1077 3315 1240 3377 lohannes
1276 3315 1382 3376 eidem

117 3418 222 3481 Blasio
247 3439 305 3501 pro
329 3420 417 3481 dicto
441 3420 574 3480 vulnere
599 3419 702 3480 solvet
725 3438 827 3500 usque
851 3420 1031 3500 qulndenas
1056 3420 1135 3481 duas
1158 3441 1290 3483 marcas.

274 3636 370 3710 Ferit
399 3649 499 3710 sexta
528 3642 684 3728 proxima
711 3646 789 3727 post
816 3639 938 3710 festum
960 3639 1217 3731 penthecostes.

654 3794 718 3868 (30.
743 3792 840 3867 mair).

220 3930 299 3992 Item
324 3931 432 3992 Endre
456 3930 542 3992 filius
560 3931 686 3992 Iwanka
711 3945 821 3993 contra
846 3933 975 3994 Petrum
1001 3932 1103 3994 filium
1128 3933 1213 3994 Iwan
1238 3935 1380 3996 secundo

118 4036 228 4098 citatus
251 4057 316 4098 non
345 4037 534 4119 comparuit.

220 4143 296 4204 Item
321 4143 479 4204 Martinus
503 4142 634 4223 jobagio
659 4141 779 4204 Cosme
797 4159 906 4205 contra
932 4144 1113 4206 Iohannem
1137 4145 1243 4226 primo
1267 4145 1382 4207 citatus

119 4267 180 4310 non
205 4249 394 4331 comparuit.

220 4355 297 4417 Item
323 4354 484 4436 Georgius
509 4353 644 4415 Sidouin
671 4369 781 4415 contra
811 4355 930 4437 Stepan
955 4370 1068 4417 octavo
1094 4355 1145 4417 die
1163 4355 1380 4437 respondebit.

220 4461 297 4522 Item
316 4462 439 4544 Symon
457 4459 541 4521 filius
558 4473 588 4520 et
606 4459 704 4520 Lucia
729 4458 793 4521 filia
817 4461 985 4543 Wlkouoy
1002 4475 1113 4523 contra
1137 4461 1256 4522 Iwanin
1275 4461 1380 4542 primo

117 4566 198 4629 citati
222 4587 286 4630 non
312 4580 572 4650 comparuerunt.

218 4673 296 4736 Item
321 4687 417 4735 testes
442 4673 582 4734 Ladislai
607 4671 691 4734 tular
714 4687 824 4734 contra
857 4675 972 4755 Jaklyn
1005 4692 1134 4735 causam
1164 4672 1204 4733 ad
1229 4685 1379 4734 octavum

117 4778 200 4841 diem
224 4779 266 4841 ad
290 4799 401 4862 pacem
427 4793 628 4861 receperunt.
