3404 5362
494 331 580 386 Anno
605 341 691 405 1375.
716 363 759 372 -
783 342 834 405 29.
859 331 938 389 maii.
1313 349 1351 409 25

191 542 272 602 ltem
297 540 496 622 Dragozlaus
512 540 633 623 juratus
657 553 771 602 octavo
788 539 841 602 die
865 560 922 623 per
939 540 1155 603 Laurencium
1181 541 1355 622 Gallicum,

90 648 252 709 Andream
270 646 408 708 condam
425 646 564 728 juratum
582 660 612 708 et
629 645 823 727 Gregorium
845 647 1066 709 testimonium
1084 647 1250 730 producet,
1267 647 1354 730 quod

89 754 191 836 ipsum
218 754 343 815 Mariua
367 753 606 834 vituperaverit.

193 860 274 921 Item
299 859 376 920 luan
402 858 542 920 Plauech
577 872 608 920 et
639 857 696 919 filii
722 859 848 921 Crisani
880 873 996 921 octavo
1028 860 1080 922 die
1104 880 1161 942 per
1186 860 1355 922 Nicolaum

89 965 225 1028 condam
252 965 403 1045 judicem,
436 964 635 1046 Stephanum
668 979 819 1046 nepotem
850 964 1021 1026 Radchech
1053 977 1083 1027 et
1109 964 1248 1028 Mondol
1269 967 1356 1027 testi-

89 1072 235 1133 monium
258 1070 417 1154 producet
440 1071 495 1132 ubi
532 1070 640 1133 literas
665 1069 826 1151 Georgius
849 1086 950 1133 sartor
974 1085 1005 1131 et
1030 1071 1206 1152 Gregorius
1229 1072 1356 1153 cognati

90 1178 216 1239 Martini
244 1177 415 1259 Wlkouoy
438 1177 642 1259 recepissent.

192 1283 271 1344 ltem
308 1283 462 1344 Clemens
504 1282 721 1344 mercenarius
766 1282 942 1364 hlychaelis
973 1282 1067 1365 jurati
1104 1299 1213 1345 contra
1254 1283 1356 1366 Mikyl

89 1403 217 1472 propter
249 1387 371 1451 furtum
402 1387 571 1451 cuiusdam
603 1407 765 1467 crumene,
801 1408 834 1450 se
866 1390 983 1451 tercius
1018 1404 1052 1451 ut
1076 1388 1239 1452 debuisset
1274 1389 1356 1469 jura-

90 1509 233 1558 mentum
259 1493 423 1576 deponere
447 1513 512 1555 non
538 1495 670 1572 curavit,
695 1493 769 1557 ideo
791 1495 1064 1578 quandocumque
1089 1497 1237 1557 inventus
1263 1494 1358 1558 fuerit

91 1602 119 1662 in
144 1601 273 1664 civitate
298 1616 406 1663 nostre
427 1600 640 1662 habitacionis
657 1601 797 1663 vindicta
814 1615 1016 1684 sumpmatur
1040 1601 1079 1664 de
1105 1602 1220 1664 eodem
1243 1622 1356 1664 secun-

91 1707 166 1769 dum
191 1708 458 1769 consvetudinem
482 1708 621 1770 civitatis
644 1709 866 1790 approbatam.

194 1813 274 1874 ltem
296 1813 472 1895 Dyonisius
496 1827 528 1875 et
544 1813 705 1875 Martinus
729 1828 840 1875 contra
864 1815 989 1876 Mareas
1012 1813 1154 1877 secundo
1179 1813 1264 1875 citati
1290 1833 1355 1875 non

94 1934 352 2002 comparuerunt.

194 2026 274 2087 ltem
298 2026 412 2087 Marko
444 2025 637 2088 Kemzinich
670 2038 781 2088 contra
813 2025 941 2087 Miltech
972 2042 1115 2089 sutorem
1139 2027 1281 2089 secundo
1314 2027 1356 2089 ci-

93 2147 173 2194 tatus
196 2151 264 2193 non
289 2133 479 2215 comparuit.

195 2237 276 2300 ltem
308 2237 492 2301 Anthonius
523 2238 662 2301 Zitarich
694 2253 804 2302 contra
829 2239 945 2301 Paulas
973 2239 1116 2302 secundo
1147 2240 1261 2302 citatus
1292 2258 1357 2300 non

96 2345 283 2427 comparuit.

196 2450 275 2512 ltem
307 2451 453 2513 Thomas
482 2465 592 2513 contra
624 2451 780 2514 Jacobum
812 2451 985 2533 pellificem
1016 2452 1117 2513 tercio
1149 2453 1262 2515 citatus
1292 2471 1357 2514 non

96 2557 288 2639 comparuit;
314 2557 381 2639 ipse
407 2571 513 2620 autem
540 2558 678 2619 Jacobus
701 2578 754 2620 sex
784 2577 898 2639 pensas
922 2573 1030 2620 contra
1056 2559 1161 2640 ipsum
1186 2559 1357 2640 allegabat,

95 2681 182 2745 super
207 2664 326 2744 quibus
341 2663 523 2727 testificabit
546 2683 603 2746 per
621 2665 789 2727 Marenum
811 2663 948 2726 condam
966 2664 1162 2758 juratumet
1185 2666 1356 2727 Crisanum

97 2770 327 2851 carpentarium
352 2784 466 2832 octavo
491 2769 554 2833 die.

194 2876 274 2938 ltem
307 2875 418 2938 Gozka
451 2891 561 2939 contra
592 2877 686 2940 luech
709 2879 808 2940 tercio
841 2879 933 2941 citata
967 2898 1032 2940 non
1057 2878 1254 2959 comparuit;
1287 2877 1354 2959 ipse

96 2997 197 3045 autem
221 2981 318 3044 luech
341 2985 503 3045 asserebat
526 2999 635 3047 contra
668 2985 788 3067 ipsam,
820 2985 908 3067 quod
933 2986 1036 3067 ipsum
1069 3004 1125 3066 per
1149 2983 1263 3045 faciem
1288 3003 1358 3066 per·

93 3090 238 3151 cussisset
251 3102 282 3151 et
298 3102 413 3152 octavo
427 3089 479 3153 die
492 3091 640 3153 atestabit
653 3110 709 3172 per
723 3090 887 3153 Geninum
902 3092 969 3173 Lep
987 3104 1018 3153 et
1031 3090 1199 3153 Chernech
1213 3109 1357 3172 parvum.

195 3197 275 3258 ltem
312 3195 438 3258 Malech
471 3210 502 3259 et
537 3197 648 3258 Petrus
679 3210 794 3259 octavo
832 3196 884 3258 die
919 3217 977 3279 per
1009 3198 1116 3259 Mathe
1151 3209 1293 3257 sutorem
1328 3208 1359 3256 et

88 3296 258 3364 Franchelc
293 3301 449 3384 producet
485 3301 704 3364 testimonium
745 3316 855 3364 contra
895 3302 1129 3366 Chuchltonem
1165 3301 1254 3384 quod
1291 3302 1356 3383 ipse

85 3408 256 3489 quandam
279 3408 458 3491 plantulam
482 3408 576 3471 vinee
600 3422 826 3490 comparasset.

183 3625 282 3700 Faria
310 3630 417 3700 tercia
444 3629 600 3717 proxima
629 3636 707 3701 ante
735 3629 858 3701 testum
887 3628 1102 3702 ascensionis
1130 3630 1265 3702 domini.

633 3781 700 3858 (29.
723 3783 817 3860 mair).

199 3921 309 3983 Primo
342 3920 549 3984 Sebastianus
580 3919 718 3982 condam
750 3920 846 4002 judex
870 3935 985 3984 octavo
1016 3920 1067 3983 die
1092 3921 1278 3983 testimonio
1303 3921 1358 3982 Ni-

79 4028 174 4090 colai
199 4026 348 4090 Odolasii
373 4041 404 4090 et
428 4026 538 4089 Parler
561 4026 709 4089 atestabit
726 4047 821 4110 super
844 4047 895 4106 eo,
920 4028 1007 4110 quod
1032 4028 1244 4090 tricesimator
1269 4029 1358 4089 Leon

84 4149 122 4197 et
147 4135 268 4197 Batista
292 4134 396 4195 noctis
428 4133 460 4194 in
492 4133 627 4194 silencio
657 4132 841 4196 insidiando
867 4134 998 4196 armatis
1029 4134 1179 4195 manibus
1203 4153 1259 4215 per
1283 4132 1358 4194 civi·

86 4250 190 4304 tatem
214 4240 442 4303 ambulassent.

196 4348 275 4410 ltem
300 4346 459 4409 Parlerius
482 4358 593 4408 contra
617 4347 786 4408 Marenum
805 4346 911 4428 primo
935 4346 1050 4409 citatus
1074 4367 1140 4409 non
1165 4346 1357 4430 comparuit.

197 4452 275 4516 ltem
302 4451 471 4516 Chernech
496 4465 606 4515 contra
629 4451 810 4514 lohannem
838 4466 952 4514 octavo
977 4452 1028 4514 die
1053 4453 1269 4535 respondebit.

198 4559 278 4623 ltem
303 4578 398 4621 causa
428 4557 563 4640 Georgii
594 4560 723 4621 sartoris
753 4575 784 4621 et
816 4559 956 4622 tiliorum
983 4559 1108 4622 Crisani
1141 4576 1187 4622 est
1211 4580 1267 4641 per
1291 4560 1358 4621 Ma-

100 4681 205 4727 renum
230 4664 270 4727 ad
295 4678 369 4727 octo
394 4665 462 4726 dies
487 4679 610 4746 recepta
636 4665 674 4726 ad
700 4669 820 4748 pacem.

198 4772 277 4834 ltem
303 4772 440 4856 Myhech
465 4770 581 4853 Magde
599 4784 707 4834 contra
726 4774 818 4840 Mark
833 4773 937 4855 primo
955 4772 1068 4834 citatus
1085 4792 1149 4834 non
1168 4772 1359 4854 comparuit.
