3404 5362
606 285 694 343 Anno
717 280 809 361 1378.
834 317 875 327 -
894 296 928 359 5.
952 284 1081 346 octobris.

679 538 825 610 sabbato
853 541 1017 628 sequenti.

576 709 760 770 Adiudicacio
783 711 968 783 antiquorum
988 711 1124 784 judlcam.

698 865 765 946 (18.
796 869 985 946 septembris).

319 1007 419 1070 Nota!
445 1008 535 1090 quod
560 1009 684 1091 antiqui
709 1009 831 1091 judices
858 1008 1070 1071 decreverunt
1093 1024 1189 1092 prout
1212 1024 1242 1071 et
1264 1007 1413 1091 premissi
1437 1006 1483 1089 ju·

213 1114 284 1192 rati,
308 1114 398 1196 quod
423 1114 499 1176 visis
523 1128 554 1177 et
576 1115 722 1198 undique
746 1116 935 1178 examinatis
969 1116 1148 1179 literalibus
1171 1114 1395 1178 instrumentis
1416 1133 1482 1175 ma·

214 1221 304 1304 gistri
329 1221 484 1305 Stephani
508 1223 548 1285 de
582 1223 761 1286 Monozlou
792 1242 888 1305 super
912 1223 1012 1306 ipsius
1032 1222 1287 1305 possessionibus
1318 1220 1484 1301 confectis,

214 1328 247 1389 in
271 1327 370 1389 nostri
397 1328 506 1391 medio
531 1328 657 1407 habitis,
682 1328 787 1390 eidem
812 1329 967 1410 magistro
991 1329 1155 1412 Stephano
1178 1343 1334 1411 perpetuo
1358 1327 1485 1410 adjudi-

214 1433 357 1496 cavimus
383 1434 603 1517 possidendas,
627 1435 704 1516 quia
728 1435 882 1497 Nicolaus
905 1435 991 1497 filius
1016 1435 1189 1497 Alexandri
1213 1434 1423 1496 solummodo
1447 1433 1485 1495 li·

214 1551 298 1601 teras
322 1540 518 1602 chasmensis
542 1540 684 1622 Capituli
710 1541 909 1620 ostendebat,
934 1542 967 1603 in
992 1542 1110 1622 quibus
1133 1541 1368 1619 continebatur,
1393 1539 1483 1622 quod

214 1661 315 1708 mater
339 1646 507 1709 Michaelis
538 1660 569 1710 et
593 1646 774 1730 Stephanus
799 1647 839 1710 de
869 1647 1048 1709 Monozlou
1080 1646 1235 1728 quasdam
1265 1646 1486 1729 possessiones

214 1752 346 1815 domine
364 1752 534 1816 Elizabeth
552 1755 654 1817 sorori
672 1753 815 1836 ipsorum
840 1754 996 1835 Zagrabie
1018 1753 1186 1815 existentes
1209 1751 1486 1835 conscripsissent,

214 1858 305 1920 cuius
321 1859 395 1921 data
412 1859 527 1921 eratin
544 1879 630 1921 anno
648 1859 773 1921 domini
797 1858 971 1921 millesimo
989 1857 1136 1921 CCCLX
1153 1877 1259 1935 nono;
1283 1877 1360 1920 cum
1376 1870 1486 1919 tamen

215 1962 1486 2044 civitasnostravocaturMonsGrechensisnontamenZagrabia

214 2069 285 2131 sed
309 2090 440 2153 prope
465 2070 730 2151 Zagrabiam.
754 2070 859 2153 lpssm
876 2085 984 2133 autem
1010 2090 1138 2133 causam
1156 2070 1307 2151 magister
1329 2069 1485 2131 Nicolaus

215 2173 300 2237 filius
330 2176 505 2239 Alexandri
536 2176 577 2238 ad
609 2177 800 2259 magistrum
831 2178 1069 2239 tavarnicorum
1101 2177 1258 2258 regalium
1282 2176 1323 2237 ad
1357 2189 1487 2237 octavas

216 2279 286 2344 festi
313 2280 472 2344 Omnium
497 2297 680 2345 sanctorum
705 2303 791 2345 nunc
814 2284 959 2366 proxime
992 2299 1143 2346 venturas
1166 2282 1341 2366 appellavit
1366 2282 1486 2344 exami-

214 2388 355 2450 nandam
379 2401 410 2451 et
433 2388 687 2466 terminandam;
717 2389 970 2472 quibusquidem
1002 2389 1147 2471 partibus
1179 2389 1285 2472 ipsum
1309 2389 1486 2450 terminum

215 2494 448 2575 assignavimus
472 2495 680 2577 comparendi
711 2495 744 2557 in
777 2495 975 2578 presenciam
1007 2495 1141 2578 predicti
1174 2494 1318 2575 magistri
1342 2494 1486 2556 tavarni-

215 2617 326 2661 corum
351 2601 519 2681 regalium.

356 2834 455 2909 Feria
483 2841 592 2911 tercia
619 2843 775 2929 proxima
804 2847 881 2912 ante
908 2839 1033 2911 festum
1061 2840 1171 2911 sancti
1201 2837 1341 2928 llyryni.

745 2995 786 3069 (5.
810 2993 951 3068 octobris).

322 3131 430 3193 Primo
455 3152 549 3194 causa
578 3133 714 3195 Mathias
746 3146 777 3194 et
810 3131 939 3194 Thome
972 3146 1017 3194 est
1041 3151 1098 3214 per
1120 3145 1214 3193 testes
1245 3130 1286 3193 ad
1318 3143 1392 3193 octo
1416 3129 1487 3193 dies

216 3249 342 3318 recepta
366 3238 406 3299 ad
432 3258 554 3319 pacem.

323 3342 400 3405 ltem
427 3344 453 3405 si
478 3345 616 3406 lacobus
639 3342 770 3427 pellifex
803 3363 876 3419 cum
901 3344 972 3405 aliis
1004 3343 1260 3426 possessionibus
1291 3342 1486 3405 Mauricium

217 3467 320 3529 usque
344 3446 456 3510 feriam
481 3463 602 3513 sextam
618 3469 704 3511 nunc
728 3461 896 3511 venturam
913 3450 1114 3532 persolverit,
1137 3451 1218 3511 bene
1235 3447 1380 3531 quidem,
1405 3449 1486 3511 alio·

217 3553 296 3635 quin
321 3554 456 3618 domum
481 3557 579 3637 ipsius
603 3556 714 3618 lacobi
736 3555 849 3617 eadem
874 3554 951 3618 feria
976 3570 1062 3618 sexta
1079 3568 1151 3639 post
1174 3555 1331 3637 judicium
1356 3555 1486 3618 estima-

216 3659 307 3737 bunt,
331 3675 363 3722 et
387 3662 516 3745 insuper
540 3662 713 3726 Mauricius
737 3662 797 3724 sibi
821 3682 879 3744 per
902 3663 1012 3725 omnia
1036 3664 1206 3745 persolvet.

321 3766 400 3828 Item
425 3788 518 3830 causa
543 3768 667 3830 Miclini
691 3767 785 3849 iurati
810 3783 840 3831 et
860 3769 967 3830 Mathe
984 3770 1101 3830 sutoris
1124 3783 1171 3833 est
1194 3790 1252 3852 per
1278 3769 1485 3853 Mychaelem

215 3869 320 3934 Ortofi
344 3873 385 3934 ad
408 3888 480 3935 octo
505 3874 573 3935 dies
598 3889 723 3955 recepta
747 3875 788 3938 ad
812 3895 939 3957 pacem·

322 3979 401 4042 Item
427 3978 588 4041 Johannes
611 3980 710 4042 Pazar
742 3996 852 4043 contra
876 3981 1056 4043 iohannem
1088 3981 1286 4065 freniparum
1310 3982 1416 4066 primo
1441 3982 1484 4045 ci·

215 4096 300 4147 tatus
324 4105 388 4147 non
414 4088 603 4169 comparuit.

321 4190 400 4252 ltem
417 4191 592 4274 Dyonisius
616 4207 646 4257 et
671 4194 832 4256 lohannes
856 4207 965 4257 contra
996 4193 1149 4276 Gyurgelt
1174 4194 1279 4276 primo
1304 4194 1392 4256 citati
1418 4213 1484 4256 non

216 4298 475 4379 comparuerunt.

321 4404 400 4465 Item
418 4405 482 4466 Res
506 4420 616 4467 contra
633 4405 740 4467 Mathe
759 4407 940 4488 ensiparum
958 4405 1063 4489 primo
1081 4406 1196 4469 citatus
1212 4425 1277 4468 non
1291 4407 1483 4489 comparuit.

321 4509 400 4571 ltem
425 4511 587 4573 Johannes
611 4512 711 4573 Pazar
734 4526 843 4573 contra
868 4512 1063 4575 Blaskonem
1087 4526 1118 4574 et
1134 4513 1265 4574 Petrum
1290 4524 1405 4575 octavo
1430 4511 1483 4574 die

215 4617 363 4680 atestabit
386 4637 481 4700 super
506 4637 555 4699 eo,
580 4618 669 4699 quod
693 4618 798 4700 ipsum
822 4616 945 4680 Blasius
969 4618 1194 4681 vulneraverit.

322 4724 400 4786 ltem
426 4724 562 4787 Mathias
588 4725 671 4787 iilius
695 4727 840 4807 oroznyk
864 4723 942 4786 feria
963 4739 1048 4787 sexta
1067 4744 1152 4787 nunc
1176 4739 1311 4787 ventura
1334 4724 1484 4787 universa
