<?xml version="1.0" encoding="UTF-8"?>
<!DOCTYPE html PUBLIC "-//W3C//DTD XHTML 1.0 Transitional//EN"
    "http://www.w3.org/TR/xhtml1/DTD/xhtml1-transitional.dtd">
<html xmlns="http://www.w3.org/1999/xhtml" xml:lang="en" lang="en">
 <head>
  <title>
</title>
<meta http-equiv="Content-Type" content="text/html;charset=utf-8" />
  <meta name='ocr-system' content='tesseract 3.04.00' />
  <meta name='ocr-capabilities' content='ocr_page ocr_carea ocr_par ocr_line ocrx_word'/>
</head>
<body>
  <div class='ocr_page' id='page_1' title='image "./monumentahistor04laszgoog/monumentahistor04laszgoog_0116.png"; bbox 0 0 3398 5364; ppageno 0'>
   <div class='ocr_carea' id='block_1_1' title="bbox 595 350 1489 435">
    <p class='ocr_par' dir='ltr' id='par_1_1' title="bbox 595 350 1489 435">
     <span class='ocr_line' id='line_1_1' title="bbox 595 350 1489 435; baseline 0.001 -23"><span class='ocrx_word' id='word_1_1' title='bbox 595 352 685 414; x_wconf 81' lang='lat' dir='ltr'>Anno</span> <span class='ocrx_word' id='word_1_2' title='bbox 709 350 797 431; x_wconf 82' lang='lat'>1376.</span> <span class='ocrx_word' id='word_1_3' title='bbox 821 389 863 396; x_wconf 89' lang='lat'>—-</span> <span class='ocrx_word' id='word_1_4' title='bbox 886 368 935 414; x_wconf 84' lang='lat'>21.</span> <span class='ocrx_word' id='word_1_5' title='bbox 958 351 1129 415; x_wconf 60' lang='lat' dir='ltr'>novembris.</span> <span class='ocrx_word' id='word_1_6' title='bbox 1448 353 1489 435; x_wconf 88' lang='lat'>67</span> 
     </span>
    </p>
   </div>
   <div class='ocr_carea' id='block_1_2' title="bbox 222 562 1489 1924">
    <p class='ocr_par' dir='ltr' id='par_1_2' title="bbox 224 562 1489 843">
     <span class='ocr_line' id='line_1_2' title="bbox 330 562 1489 646; baseline -0.001 -20"><span class='ocrx_word' id='word_1_7' title='bbox 330 565 409 628; x_wconf 86' lang='lat' dir='ltr'>Item</span> <span class='ocrx_word' id='word_1_8' title='bbox 434 564 586 627; x_wconf 87' lang='lat' dir='ltr'>Nicolaus</span> <span class='ocrx_word' id='word_1_9' title='bbox 609 562 687 627; x_wconf 91' lang='lat' dir='ltr'>feria</span> <span class='ocrx_word' id='word_1_10' title='bbox 704 565 800 627; x_wconf 86' lang='lat' dir='ltr'>tercia</span> <span class='ocrx_word' id='word_1_11' title='bbox 824 585 880 646; x_wconf 91' lang='lat' dir='ltr'>per</span> <span class='ocrx_word' id='word_1_12' title='bbox 904 565 1051 625; x_wconf 89' lang='lat' dir='ltr'>Kaukam</span> <span class='ocrx_word' id='word_1_13' title='bbox 1069 578 1100 625; x_wconf 90' lang='lat' dir='ltr'>et</span> <span class='ocrx_word' id='word_1_14' title='bbox 1120 563 1316 645; x_wconf 84' lang='lat' dir='ltr'>Stephanum</span> <span class='ocrx_word' id='word_1_15' title='bbox 1343 564 1489 626; x_wconf 88' lang='lat' dir='ltr'>atestabit</span> 
     </span>
     <span class='ocr_line' id='line_1_3' title="bbox 224 670 1489 754; baseline -0.002 -20"><span class='ocrx_word' id='word_1_16' title='bbox 224 673 313 754; x_wconf 91' lang='lat' dir='ltr'>quod</span> <span class='ocrx_word' id='word_1_17' title='bbox 339 672 480 753; x_wconf 88' lang='lat' dir='ltr'>quedam</span> <span class='ocrx_word' id='word_1_18' title='bbox 505 671 620 733; x_wconf 92' lang='lat' dir='ltr'>mulier</span> <span class='ocrx_word' id='word_1_19' title='bbox 643 690 742 733; x_wconf 88' lang='lat' dir='ltr'>unam</span> <span class='ocrx_word' id='word_1_20' title='bbox 773 670 944 732; x_wconf 85' lang='lat' dir='ltr'>clamidem</span> <span class='ocrx_word' id='word_1_21' title='bbox 967 670 1027 731; x_wconf 88' lang='lat' dir='ltr'>sibi</span> <span class='ocrx_word' id='word_1_22' title='bbox 1059 670 1295 752; x_wconf 86' lang='lat' dir='ltr'>inpignorasset</span> <span class='ocrx_word' id='word_1_23' title='bbox 1318 689 1377 752; x_wconf 94' lang='lat' dir='ltr'>pro</span> <span class='ocrx_word' id='word_1_24' title='bbox 1401 670 1489 732; x_wconf 86' lang='lat' dir='ltr'>XLV</span> 
     </span>
     <span class='ocr_line' id='line_1_4' title="bbox 226 777 376 843; baseline 0.027 -4"><span class='ocrx_word' id='word_1_25' title='bbox 226 777 376 843; x_wconf 86' lang='lat' dir='ltr'>denariis.</span> 
     </span>
    </p>

    <p class='ocr_par' dir='ltr' id='par_1_3' title="bbox 225 882 1489 1178">
     <span class='ocr_line' id='line_1_5' title="bbox 330 882 1489 946; baseline 0 -2"><span class='ocrx_word' id='word_1_26' title='bbox 330 883 409 945; x_wconf 91' lang='lat' dir='ltr'>ltem</span> <span class='ocrx_word' id='word_1_27' title='bbox 434 882 544 946; x_wconf 88' lang='lat' dir='ltr'>Sibich</span> <span class='ocrx_word' id='word_1_28' title='bbox 568 898 657 946; x_wconf 87' lang='lat' dir='ltr'>sutor</span> <span class='ocrx_word' id='word_1_29' title='bbox 680 896 790 945; x_wconf 86' lang='lat' dir='ltr'>contra</span> <span class='ocrx_word' id='word_1_30' title='bbox 814 882 1057 945; x_wconf 87' lang='lat' dir='ltr'>Clementinum</span> <span class='ocrx_word' id='word_1_31' title='bbox 1075 896 1217 944; x_wconf 88' lang='lat' dir='ltr'>sutorem</span> <span class='ocrx_word' id='word_1_32' title='bbox 1242 895 1356 943; x_wconf 90' lang='lat' dir='ltr'>octavo</span> <span class='ocrx_word' id='word_1_33' title='bbox 1381 882 1432 943; x_wconf 91' lang='lat' dir='ltr'>die</span> <span class='ocrx_word' id='word_1_34' title='bbox 1456 902 1489 944; x_wconf 89' lang='lat' dir='ltr'>se</span> 
     </span>
     <span class='ocr_line' id='line_1_6' title="bbox 225 988 1489 1072; baseline -0.001 -21"><span class='ocrx_word' id='word_1_35' title='bbox 225 989 438 1051; x_wconf 87' lang='lat' dir='ltr'>duodecimus</span> <span class='ocrx_word' id='word_1_36' title='bbox 461 989 579 1071; x_wconf 86' lang='lat' dir='ltr'>jurabit</span> <span class='ocrx_word' id='word_1_37' title='bbox 603 1009 699 1072; x_wconf 86' lang='lat' dir='ltr'>super</span> <span class='ocrx_word' id='word_1_38' title='bbox 723 1009 773 1069; x_wconf 88' lang='lat' dir='ltr'>e0,</span> <span class='ocrx_word' id='word_1_39' title='bbox 805 988 893 1071; x_wconf 92' lang='lat' dir='ltr'>quod</span> <span class='ocrx_word' id='word_1_40' title='bbox 927 990 992 1071; x_wconf 88' lang='lat' dir='ltr'>ipse</span> <span class='ocrx_word' id='word_1_41' title='bbox 1018 989 1057 1050; x_wconf 91' lang='lat' dir='ltr'>ad</span> <span class='ocrx_word' id='word_1_42' title='bbox 1082 990 1216 1050; x_wconf 92' lang='lat' dir='ltr'>domum</span> <span class='ocrx_word' id='word_1_43' title='bbox 1248 988 1383 1070; x_wconf 87' lang='lat' dir='ltr'>predicti</span> <span class='ocrx_word' id='word_1_44' title='bbox 1415 989 1489 1051; x_wconf 88' lang='lat' dir='ltr'>Cle·</span> 
     </span>
     <span class='ocr_line' id='line_1_7' title="bbox 225 1096 1233 1178; baseline 0 -22"><span class='ocrx_word' id='word_1_45' title='bbox 225 1097 359 1157; x_wconf 91' lang='lat' dir='ltr'>mentini</span> <span class='ocrx_word' id='word_1_46' title='bbox 384 1115 448 1158; x_wconf 94' lang='lat' dir='ltr'>non</span> <span class='ocrx_word' id='word_1_47' title='bbox 474 1097 583 1157; x_wconf 89' lang='lat' dir='ltr'>ivisset</span> <span class='ocrx_word' id='word_1_48' title='bbox 608 1116 665 1157; x_wconf 93' lang='lat' dir='ltr'>nec</span> <span class='ocrx_word' id='word_1_49' title='bbox 690 1097 793 1178; x_wconf 85' lang='lat' dir='ltr'>ipsum</span> <span class='ocrx_word' id='word_1_50' title='bbox 819 1096 1032 1177; x_wconf 84' lang='lat' dir='ltr'>aliquomodo</span> <span class='ocrx_word' id='word_1_51' title='bbox 1056 1096 1233 1176; x_wconf 86' lang='lat' dir='ltr'>spoliasset.</span> 
     </span>
    </p>

    <p class='ocr_par' dir='ltr' id='par_1_4' title="bbox 224 1200 1489 1392">
     <span class='ocr_line' id='line_1_8' title="bbox 329 1200 1489 1284; baseline 0 -21"><span class='ocrx_word' id='word_1_52' title='bbox 329 1200 407 1264; x_wconf 89' lang='lat' dir='ltr'>ltem</span> <span class='ocrx_word' id='word_1_53' title='bbox 432 1222 527 1264; x_wconf 92' lang='lat' dir='ltr'>causa</span> <span class='ocrx_word' id='word_1_54' title='bbox 544 1203 679 1283; x_wconf 79' lang='lat' dir='ltr'>Regina,</span> <span class='ocrx_word' id='word_1_55' title='bbox 697 1201 830 1283; x_wconf 88' lang='lat' dir='ltr'>Georgii</span> <span class='ocrx_word' id='word_1_56' title='bbox 854 1203 984 1264; x_wconf 89' lang='lat' dir='ltr'>sartoris</span> <span class='ocrx_word' id='word_1_57' title='bbox 1007 1216 1038 1264; x_wconf 93' lang='lat' dir='ltr'>et</span> <span class='ocrx_word' id='word_1_58' title='bbox 1053 1201 1200 1283; x_wconf 84' lang='lat' dir='ltr'>Gregorii</span> <span class='ocrx_word' id='word_1_59' title='bbox 1218 1216 1265 1265; x_wconf 90' lang='lat' dir='ltr'>est</span> <span class='ocrx_word' id='word_1_60' title='bbox 1288 1223 1344 1284; x_wconf 92' lang='lat' dir='ltr'>per</span> <span class='ocrx_word' id='word_1_61' title='bbox 1367 1202 1489 1283; x_wconf 86' lang='lat' dir='ltr'>judices</span> 
     </span>
     <span class='ocr_line' id='line_1_9' title="bbox 224 1308 1142 1392; baseline 0 -20"><span class='ocrx_word' id='word_1_62' title='bbox 224 1310 263 1372; x_wconf 94' lang='lat' dir='ltr'>ad</span> <span class='ocrx_word' id='word_1_63' title='bbox 288 1323 362 1372; x_wconf 92' lang='lat' dir='ltr'>octo</span> <span class='ocrx_word' id='word_1_64' title='bbox 386 1309 455 1370; x_wconf 90' lang='lat' dir='ltr'>dies</span> <span class='ocrx_word' id='word_1_65' title='bbox 478 1322 648 1392; x_wconf 89' lang='lat' dir='ltr'>prorogata</span> <span class='ocrx_word' id='word_1_66' title='bbox 671 1322 802 1391; x_wconf 90' lang='lat' dir='ltr'>propter</span> <span class='ocrx_word' id='word_1_67' title='bbox 825 1328 915 1370; x_wconf 89' lang='lat' dir='ltr'>suam</span> <span class='ocrx_word' id='word_1_68' title='bbox 940 1308 1142 1372; x_wconf 88' lang='lat' dir='ltr'>arduitatem.</span> 
     </span>
    </p>

    <p class='ocr_par' dir='ltr' id='par_1_5' title="bbox 223 1415 1488 1711">
     <span class='ocr_line' id='line_1_10' title="bbox 330 1415 1487 1497; baseline 0.001 -19"><span class='ocrx_word' id='word_1_69' title='bbox 330 1417 408 1479; x_wconf 92' lang='lat' dir='ltr'>ltem</span> <span class='ocrx_word' id='word_1_70' title='bbox 426 1436 519 1478; x_wconf 89' lang='lat' dir='ltr'>causa</span> <span class='ocrx_word' id='word_1_71' title='bbox 540 1415 654 1497; x_wconf 88' lang='lat' dir='ltr'>judicis</span> <span class='ocrx_word' id='word_1_72' title='bbox 670 1431 779 1477; x_wconf 91' lang='lat' dir='ltr'>contra</span> <span class='ocrx_word' id='word_1_73' title='bbox 797 1415 975 1497; x_wconf 87' lang='lat' dir='ltr'>Georgium</span> <span class='ocrx_word' id='word_1_74' title='bbox 993 1417 1227 1497; x_wconf 88' lang='lat' dir='ltr'>carpentarium</span> <span class='ocrx_word' id='word_1_75' title='bbox 1244 1430 1274 1478; x_wconf 91' lang='lat' dir='ltr'>et</span> <span class='ocrx_word' id='word_1_76' title='bbox 1287 1417 1487 1480; x_wconf 83' lang='lat' dir='ltr'>Anthonium</span> 
     </span>
     <span class='ocr_line' id='line_1_11' title="bbox 224 1520 1488 1605; baseline 0.002 -22"><span class='ocrx_word' id='word_1_77' title='bbox 224 1538 365 1584; x_wconf 87' lang='lat' dir='ltr'>sutorem</span> <span class='ocrx_word' id='word_1_78' title='bbox 391 1537 437 1585; x_wconf 88' lang='lat' dir='ltr'>est</span> <span class='ocrx_word' id='word_1_79' title='bbox 460 1542 517 1605; x_wconf 90' lang='lat' dir='ltr'>per</span> <span class='ocrx_word' id='word_1_80' title='bbox 541 1523 727 1603; x_wconf 89' lang='lat' dir='ltr'>magistrum</span> <span class='ocrx_word' id='word_1_81' title='bbox 753 1521 896 1583; x_wconf 88' lang='lat' dir='ltr'>Francha</span> <span class='ocrx_word' id='word_1_82' title='bbox 926 1520 1124 1584; x_wconf 82' lang='lat' dir='ltr'>aurifabrum</span> <span class='ocrx_word' id='word_1_83' title='bbox 1155 1523 1195 1584; x_wconf 90' lang='lat' dir='ltr'>ad</span> <span class='ocrx_word' id='word_1_84' title='bbox 1221 1520 1334 1584; x_wconf 88' lang='lat' dir='ltr'>feriam</span> <span class='ocrx_word' id='word_1_85' title='bbox 1357 1523 1488 1585; x_wconf 88' lang='lat' dir='ltr'>terciam</span> 
     </span>
     <span class='ocr_line' id='line_1_12' title="bbox 223 1628 864 1711; baseline 0.002 -21"><span class='ocrx_word' id='word_1_86' title='bbox 223 1648 311 1690; x_wconf 90' lang='lat' dir='ltr'>nunc</span> <span class='ocrx_word' id='word_1_87' title='bbox 335 1641 502 1691; x_wconf 83' lang='lat' dir='ltr'>venturam</span> <span class='ocrx_word' id='word_1_88' title='bbox 526 1642 653 1711; x_wconf 87' lang='lat' dir='ltr'>recepta</span> <span class='ocrx_word' id='word_1_89' title='bbox 677 1628 716 1690; x_wconf 93' lang='lat' dir='ltr'>ad</span> <span class='ocrx_word' id='word_1_90' title='bbox 742 1648 864 1710; x_wconf 88' lang='lat' dir='ltr'>pacem.</span> 
     </span>
    </p>

    <p class='ocr_par' dir='ltr' id='par_1_6' title="bbox 222 1734 1489 1924">
     <span class='ocr_line' id='line_1_13' title="bbox 330 1734 1489 1817; baseline 0.002 -22"><span class='ocrx_word' id='word_1_91' title='bbox 330 1735 409 1796; x_wconf 93' lang='lat' dir='ltr'>ltem</span> <span class='ocrx_word' id='word_1_92' title='bbox 433 1734 662 1805; x_wconf 12' lang='lat' dir='ltr'>luechtcontra</span> <span class='ocrx_word' id='word_1_93' title='bbox 688 1735 861 1797; x_wconf 90' lang='lat' dir='ltr'>Martinum</span> <span class='ocrx_word' id='word_1_94' title='bbox 886 1748 999 1796; x_wconf 89' lang='lat' dir='ltr'>octavo</span> <span class='ocrx_word' id='word_1_95' title='bbox 1024 1734 1076 1797; x_wconf 90' lang='lat' dir='ltr'>die</span> <span class='ocrx_word' id='word_1_96' title='bbox 1100 1756 1132 1796; x_wconf 89' lang='lat' dir='ltr'>se</span> <span class='ocrx_word' id='word_1_97' title='bbox 1162 1736 1278 1797; x_wconf 86' lang='lat' dir='ltr'>tercius</span> <span class='ocrx_word' id='word_1_98' title='bbox 1301 1735 1418 1817; x_wconf 87' lang='lat' dir='ltr'>jurabit</span> <span class='ocrx_word' id='word_1_99' title='bbox 1441 1756 1489 1798; x_wconf 88' lang='lat' dir='ltr'>ra·</span> 
     </span>
     <span class='ocr_line' id='line_1_14' title="bbox 222 1842 599 1924; baseline 0.003 -21"><span class='ocrx_word' id='word_1_100' title='bbox 222 1842 316 1904; x_wconf 89' lang='lat' dir='ltr'>cione</span> <span class='ocrx_word' id='word_1_101' title='bbox 340 1862 394 1903; x_wconf 84' lang='lat' dir='ltr'>sex</span> <span class='ocrx_word' id='word_1_102' title='bbox 417 1861 599 1924; x_wconf 89' lang='lat' dir='ltr'>pensarum.</span> 
     </span>
    </p>
   </div>
   <div class='ocr_carea' id='block_1_3' title="bbox 274 2042 1438 2239">
    <p class='ocr_par' dir='ltr' id='par_1_7' title="bbox 274 2042 1438 2239">
     <span class='ocr_line' id='line_1_15' title="bbox 274 2042 1438 2135; baseline 0.001 -19"><span class='ocrx_word' id='word_1_103' title='bbox 274 2042 372 2116; x_wconf 76' lang='lat' dir='ltr'>feria</span> <span class='ocrx_word' id='word_1_104' title='bbox 400 2050 499 2116; x_wconf 82' lang='lat' dir='ltr'>sexta</span> <span class='ocrx_word' id='word_1_105' title='bbox 526 2045 682 2133; x_wconf 83' lang='lat' dir='ltr'>proxima</span> <span class='ocrx_word' id='word_1_106' title='bbox 709 2050 786 2115; x_wconf 88' lang='lat' dir='ltr'>ante</span> <span class='ocrx_word' id='word_1_107' title='bbox 814 2044 937 2116; x_wconf 87' lang='lat' dir='ltr'>festum</span> <span class='ocrx_word' id='word_1_108' title='bbox 965 2045 1061 2116; x_wconf 86' lang='lat' dir='ltr'>beate</span> <span class='ocrx_word' id='word_1_109' title='bbox 1089 2043 1207 2117; x_wconf 87' lang='lat' dir='ltr'>Cecille</span> <span class='ocrx_word' id='word_1_110' title='bbox 1233 2047 1375 2135; x_wconf 83' lang='lat' dir='ltr'>virginis</span> <span class='ocrx_word' id='word_1_111' title='bbox 1403 2056 1438 2117; x_wconf 89' lang='lat' dir='ltr'>et</span> 
     </span>
     <span class='ocr_line' id='line_1_16' title="bbox 777 2170 943 2239; baseline -0.006 -1"><span class='ocrx_word' id='word_1_112' title='bbox 777 2170 943 2239; x_wconf 87' lang='lat' dir='ltr'>martiris.</span> 
     </span>
    </p>
   </div>
   <div class='ocr_carea' id='block_1_4' title="bbox 722 2320 991 2395">
    <p class='ocr_par' dir='ltr' id='par_1_8' title="bbox 722 2320 991 2395">
     <span class='ocr_line' id='line_1_17' title="bbox 722 2320 991 2395; baseline 0.011 -17"><span class='ocrx_word' id='word_1_113' title='bbox 722 2334 783 2395; x_wconf 83' lang='lat'>(21.</span> <span class='ocrx_word' id='word_1_114' title='bbox 807 2320 991 2388; x_wconf 79' lang='lat' dir='ltr'>novembris).</span> 
     </span>
    </p>
   </div>
   <div class='ocr_carea' id='block_1_5' title="bbox 216 2461 1501 4775">
    <p class='ocr_par' dir='ltr' id='par_1_9' title="bbox 223 2461 1487 2649">
     <span class='ocr_line' id='line_1_18' title="bbox 306 2461 1487 2546; baseline 0 -23"><span class='ocrx_word' id='word_1_115' title='bbox 306 2462 438 2543; x_wconf 29' lang='lat' dir='ltr'>&#39;Primo</span> <span class='ocrx_word' id='word_1_116' title='bbox 462 2463 603 2524; x_wconf 87' lang='lat' dir='ltr'>Brumen</span> <span class='ocrx_word' id='word_1_117' title='bbox 627 2474 658 2523; x_wconf 94' lang='lat' dir='ltr'>et</span> <span class='ocrx_word' id='word_1_118' title='bbox 681 2461 843 2523; x_wconf 88' lang='lat' dir='ltr'>lohannes</span> <span class='ocrx_word' id='word_1_119' title='bbox 864 2461 1037 2546; x_wconf 86' lang='lat' dir='ltr'>Chemerii</span> <span class='ocrx_word' id='word_1_120' title='bbox 1052 2475 1163 2522; x_wconf 86' lang='lat' dir='ltr'>contra</span> <span class='ocrx_word' id='word_1_121' title='bbox 1187 2461 1359 2522; x_wconf 86' lang='lat' dir='ltr'>Nicolaum</span> <span class='ocrx_word' id='word_1_122' title='bbox 1384 2461 1487 2523; x_wconf 87' lang='lat' dir='ltr'>filium</span> 
     </span>
     <span class='ocr_line' id='line_1_19' title="bbox 223 2567 974 2649; baseline 0 -20"><span class='ocrx_word' id='word_1_123' title='bbox 223 2567 348 2630; x_wconf 88' lang='lat' dir='ltr'>Odolas</span> <span class='ocrx_word' id='word_1_124' title='bbox 371 2568 476 2649; x_wconf 88' lang='lat' dir='ltr'>primo</span> <span class='ocrx_word' id='word_1_125' title='bbox 507 2568 593 2629; x_wconf 91' lang='lat' dir='ltr'>citati</span> <span class='ocrx_word' id='word_1_126' title='bbox 626 2588 691 2629; x_wconf 92' lang='lat' dir='ltr'>non</span> <span class='ocrx_word' id='word_1_127' title='bbox 716 2582 974 2649; x_wconf 90' lang='lat' dir='ltr'>comparuerunt.</span> 
     </span>
    </p>

    <p class='ocr_par' dir='ltr' id='par_1_10' title="bbox 329 2674 1116 2737">
     <span class='ocr_line' id='line_1_20' title="bbox 329 2674 1116 2737; baseline 0.001 -2"><span class='ocrx_word' id='word_1_128' title='bbox 329 2675 407 2736; x_wconf 91' lang='lat' dir='ltr'>ltcm</span> <span class='ocrx_word' id='word_1_129' title='bbox 432 2674 583 2736; x_wconf 86' lang='lat' dir='ltr'>Nicolaus</span> <span class='ocrx_word' id='word_1_130' title='bbox 608 2674 733 2737; x_wconf 89' lang='lat' dir='ltr'>Crisani</span> <span class='ocrx_word' id='word_1_131' title='bbox 762 2688 870 2736; x_wconf 88' lang='lat' dir='ltr'>contra</span> <span class='ocrx_word' id='word_1_132' title='bbox 897 2674 1116 2736; x_wconf 87' lang='lat' dir='ltr'>Salomonem.</span> 
     </span>
    </p>

    <p class='ocr_par' dir='ltr' id='par_1_11' title="bbox 329 2780 1368 2862">
     <span class='ocr_line' id='line_1_21' title="bbox 329 2780 1368 2862; baseline 0.002 -21"><span class='ocrx_word' id='word_1_133' title='bbox 329 2780 408 2842; x_wconf 83' lang='lat' dir='ltr'>Item</span> <span class='ocrx_word' id='word_1_134' title='bbox 434 2780 578 2842; x_wconf 85' lang='lat' dir='ltr'>Pundich</span> <span class='ocrx_word' id='word_1_135' title='bbox 604 2795 712 2842; x_wconf 89' lang='lat' dir='ltr'>contra</span> <span class='ocrx_word' id='word_1_136' title='bbox 738 2781 912 2841; x_wconf 87' lang='lat' dir='ltr'>Martinum</span> <span class='ocrx_word' id='word_1_137' title='bbox 937 2794 1050 2841; x_wconf 90' lang='lat' dir='ltr'>octavo</span> <span class='ocrx_word' id='word_1_138' title='bbox 1076 2780 1127 2842; x_wconf 89' lang='lat' dir='ltr'>die</span> <span class='ocrx_word' id='word_1_139' title='bbox 1152 2781 1368 2862; x_wconf 90' lang='lat' dir='ltr'>respondebit.</span> 
     </span>
    </p>

    <p class='ocr_par' dir='ltr' id='par_1_12' title="bbox 222 2879 1494 3182">
     <span class='ocr_line' id='line_1_22' title="bbox 329 2879 1494 2969; baseline 0.002 -21"><span class='ocrx_word' id='word_1_140' title='bbox 329 2888 407 2949; x_wconf 87' lang='lat' dir='ltr'>ltem</span> <span class='ocrx_word' id='word_1_141' title='bbox 431 2888 571 2969; x_wconf 86' lang='lat' dir='ltr'>Baptista</span> <span class='ocrx_word' id='word_1_142' title='bbox 597 2900 707 2949; x_wconf 90' lang='lat' dir='ltr'>contra</span> <span class='ocrx_word' id='word_1_143' title='bbox 731 2887 894 2948; x_wconf 88' lang='lat' dir='ltr'>Andream</span> <span class='ocrx_word' id='word_1_144' title='bbox 912 2885 1108 2947; x_wconf 89' lang='lat' dir='ltr'>aurifabrum</span> <span class='ocrx_word' id='word_1_145' title='bbox 1134 2901 1247 2947; x_wconf 89' lang='lat' dir='ltr'>octavo</span> <span class='ocrx_word' id='word_1_146' title='bbox 1272 2887 1323 2947; x_wconf 90' lang='lat' dir='ltr'>die</span> <span class='ocrx_word' id='word_1_147' title='bbox 1341 2879 1494 2950; x_wconf 84' lang='lat' dir='ltr'>ostendet</span> 
     </span>
     <span class='ocr_line' id='line_1_23' title="bbox 222 2992 1484 3076; baseline -0.001 -20"><span class='ocrx_word' id='word_1_148' title='bbox 222 3014 278 3075; x_wconf 93' lang='lat' dir='ltr'>per</span> <span class='ocrx_word' id='word_1_149' title='bbox 303 2993 490 3070; x_wconf 83' lang='lat' dir='ltr'>Renarium‚</span> <span class='ocrx_word' id='word_1_150' title='bbox 516 2992 681 3055; x_wconf 90' lang='lat' dir='ltr'>Geninum</span> <span class='ocrx_word' id='word_1_151' title='bbox 707 3007 737 3055; x_wconf 90' lang='lat' dir='ltr'>et</span> <span class='ocrx_word' id='word_1_152' title='bbox 751 2993 885 3054; x_wconf 85' lang='lat' dir='ltr'>luanum</span> <span class='ocrx_word' id='word_1_153' title='bbox 903 2992 1055 3073; x_wconf 87' lang='lat' dir='ltr'>Ziro(t)ke</span> <span class='ocrx_word' id='word_1_154' title='bbox 1080 3011 1175 3074; x_wconf 87' lang='lat' dir='ltr'>super</span> <span class='ocrx_word' id='word_1_155' title='bbox 1192 3012 1241 3070; x_wconf 92' lang='lat' dir='ltr'>e0,</span> <span class='ocrx_word' id='word_1_156' title='bbox 1267 2993 1354 3073; x_wconf 91' lang='lat' dir='ltr'>quod</span> <span class='ocrx_word' id='word_1_157' title='bbox 1381 2993 1484 3076; x_wconf 86' lang='lat' dir='ltr'>ipsum</span> 
     </span>
     <span class='ocr_line' id='line_1_24' title="bbox 224 3097 1212 3182; baseline -0.001 -21"><span class='ocrx_word' id='word_1_158' title='bbox 224 3100 395 3182; x_wconf 85' lang='lat' dir='ltr'>evaginato</span> <span class='ocrx_word' id='word_1_159' title='bbox 418 3099 528 3181; x_wconf 87' lang='lat' dir='ltr'>gladio</span> <span class='ocrx_word' id='word_1_160' title='bbox 553 3099 585 3159; x_wconf 94' lang='lat' dir='ltr'>in</span> <span class='ocrx_word' id='word_1_161' title='bbox 610 3119 670 3181; x_wconf 83' lang='lat' dir='ltr'>vya</span> <span class='ocrx_word' id='word_1_162' title='bbox 695 3097 823 3181; x_wconf 87' lang='lat' dir='ltr'>publica</span> <span class='ocrx_word' id='word_1_163' title='bbox 848 3097 1023 3159; x_wconf 82' lang='lat' dir='ltr'>interficere</span> <span class='ocrx_word' id='word_1_164' title='bbox 1048 3098 1212 3161; x_wconf 90' lang='lat' dir='ltr'>voluisset.</span> 
     </span>
    </p>

    <p class='ocr_par' dir='ltr' id='par_1_13' title="bbox 223 3202 1488 3394">
     <span class='ocr_line' id='line_1_25' title="bbox 328 3202 1488 3288; baseline -0.001 -20"><span class='ocrx_word' id='word_1_165' title='bbox 328 3207 407 3268; x_wconf 90' lang='lat' dir='ltr'>ltem</span> <span class='ocrx_word' id='word_1_166' title='bbox 432 3206 555 3288; x_wconf 85' lang='lat' dir='ltr'>Symon</span> <span class='ocrx_word' id='word_1_167' title='bbox 580 3202 719 3266; x_wconf 86' lang='lat' dir='ltr'>carnifex</span> <span class='ocrx_word' id='word_1_168' title='bbox 752 3219 860 3265; x_wconf 86' lang='lat' dir='ltr'>contra</span> <span class='ocrx_word' id='word_1_169' title='bbox 886 3203 1057 3265; x_wconf 90' lang='lat' dir='ltr'>Nicolaum</span> <span class='ocrx_word' id='word_1_170' title='bbox 1086 3204 1212 3265; x_wconf 89' lang='lat' dir='ltr'>Crisani</span> <span class='ocrx_word' id='word_1_171' title='bbox 1246 3204 1350 3286; x_wconf 89' lang='lat' dir='ltr'>primo</span> <span class='ocrx_word' id='word_1_172' title='bbox 1375 3205 1488 3267; x_wconf 88' lang='lat' dir='ltr'>citatus</span> 
     </span>
     <span class='ocr_line' id='line_1_26' title="bbox 223 3312 502 3394; baseline -0.004 -20"><span class='ocrx_word' id='word_1_173' title='bbox 223 3332 287 3375; x_wconf 93' lang='lat' dir='ltr'>non</span> <span class='ocrx_word' id='word_1_174' title='bbox 313 3312 502 3394; x_wconf 91' lang='lat' dir='ltr'>comparuit.</span> 
     </span>
    </p>

    <p class='ocr_par' dir='ltr' id='par_1_14' title="bbox 224 3416 1487 3606">
     <span class='ocr_line' id='line_1_27' title="bbox 328 3416 1487 3499; baseline -0.001 -20"><span class='ocrx_word' id='word_1_175' title='bbox 328 3418 406 3480; x_wconf 92' lang='lat' dir='ltr'>ltem</span> <span class='ocrx_word' id='word_1_176' title='bbox 432 3418 543 3480; x_wconf 89' lang='lat' dir='ltr'>Petrus</span> <span class='ocrx_word' id='word_1_177' title='bbox 566 3417 683 3498; x_wconf 87' lang='lat' dir='ltr'>longus</span> <span class='ocrx_word' id='word_1_178' title='bbox 707 3429 817 3479; x_wconf 89' lang='lat' dir='ltr'>contra</span> <span class='ocrx_word' id='word_1_179' title='bbox 841 3416 1003 3478; x_wconf 81' lang='lat' dir='ltr'>Andream</span> <span class='ocrx_word' id='word_1_180' title='bbox 1027 3417 1133 3499; x_wconf 89' lang='lat' dir='ltr'>ptimo</span> <span class='ocrx_word' id='word_1_181' title='bbox 1164 3417 1278 3479; x_wconf 88' lang='lat' dir='ltr'>citatus</span> <span class='ocrx_word' id='word_1_182' title='bbox 1302 3437 1367 3478; x_wconf 94' lang='lat' dir='ltr'>non</span> <span class='ocrx_word' id='word_1_183' title='bbox 1400 3436 1487 3478; x_wconf 89' lang='lat' dir='ltr'>com·</span> 
     </span>
     <span class='ocr_line' id='line_1_28' title="bbox 224 3525 338 3606; baseline 0 -20"><span class='ocrx_word' id='word_1_184' title='bbox 224 3525 338 3606; x_wconf 89' lang='lat' dir='ltr'>paruit.</span> 
     </span>
    </p>

    <p class='ocr_par' dir='ltr' id='par_1_15' title="bbox 223 3628 1486 3821">
     <span class='ocr_line' id='line_1_29' title="bbox 328 3628 1486 3713; baseline 0 -22"><span class='ocrx_word' id='word_1_185' title='bbox 328 3632 405 3692; x_wconf 92' lang='lat' dir='ltr'>ltem</span> <span class='ocrx_word' id='word_1_186' title='bbox 432 3630 607 3713; x_wconf 89' lang='lat' dir='ltr'>Dyonisius</span> <span class='ocrx_word' id='word_1_187' title='bbox 631 3628 835 3692; x_wconf 90' lang='lat' dir='ltr'>Beharuarad</span> <span class='ocrx_word' id='word_1_188' title='bbox 859 3644 969 3691; x_wconf 89' lang='lat' dir='ltr'>contra</span> <span class='ocrx_word' id='word_1_189' title='bbox 994 3629 1121 3691; x_wconf 88' lang='lat' dir='ltr'>Petrum</span> <span class='ocrx_word' id='word_1_190' title='bbox 1147 3629 1347 3691; x_wconf 89' lang='lat' dir='ltr'>sacerdotem</span> <span class='ocrx_word' id='word_1_191' title='bbox 1371 3642 1486 3691; x_wconf 90' lang='lat' dir='ltr'>octavo</span> 
     </span>
     <span class='ocr_line' id='line_1_30' title="bbox 223 3718 1022 3821; baseline 0.001 -22"><span class='ocrx_word' id='word_1_192' title='bbox 223 3738 273 3799; x_wconf 93' lang='lat' dir='ltr'>die</span> <span class='ocrx_word' id='word_1_193' title='bbox 298 3737 516 3819; x_wconf 85' lang='lat' dir='ltr'>respondebit.</span> <span class='ocrx_word' id='word_1_194' title='bbox 1001 3718 1022 3821; x_wconf 16' lang='grc' dir='ltr'>,Δ</span> 
     </span>
    </p>

    <p class='ocr_par' dir='ltr' id='par_1_16' title="bbox 223 3842 1486 4031">
     <span class='ocr_line' id='line_1_31' title="bbox 326 3842 1486 3905; baseline -0.002 -1"><span class='ocrx_word' id='word_1_195' title='bbox 326 3844 406 3905; x_wconf 92' lang='lat' dir='ltr'>ltem</span> <span class='ocrx_word' id='word_1_196' title='bbox 423 3842 593 3905; x_wconf 88' lang='lat' dir='ltr'>Elizabeth</span> <span class='ocrx_word' id='word_1_197' title='bbox 609 3857 720 3905; x_wconf 89' lang='lat' dir='ltr'>contra</span> <span class='ocrx_word' id='word_1_198' title='bbox 744 3842 903 3905; x_wconf 88' lang='lat' dir='ltr'>lanchech</span> <span class='ocrx_word' id='word_1_199' title='bbox 920 3842 1117 3904; x_wconf 89' lang='lat' dir='ltr'>aurifabrum</span> <span class='ocrx_word' id='word_1_200' title='bbox 1134 3842 1277 3903; x_wconf 89' lang='lat' dir='ltr'>secundo</span> <span class='ocrx_word' id='word_1_201' title='bbox 1302 3842 1395 3903; x_wconf 89' lang='lat' dir='ltr'>citata</span> <span class='ocrx_word' id='word_1_202' title='bbox 1419 3844 1486 3904; x_wconf 85' lang='lat' dir='ltr'>nori</span> 
     </span>
     <span class='ocr_line' id='line_1_32' title="bbox 223 3949 413 4031; baseline 0 -20"><span class='ocrx_word' id='word_1_203' title='bbox 223 3949 413 4031; x_wconf 88' lang='lat' dir='ltr'>comparuit.</span> 
     </span>
    </p>

    <p class='ocr_par' dir='ltr' id='par_1_17' title="bbox 221 4053 1486 4244">
     <span class='ocr_line' id='line_1_33' title="bbox 328 4053 1486 4137; baseline 0.001 -22"><span class='ocrx_word' id='word_1_204' title='bbox 328 4054 406 4116; x_wconf 90' lang='lat' dir='ltr'>ltem</span> <span class='ocrx_word' id='word_1_205' title='bbox 439 4055 548 4117; x_wconf 89' lang='lat' dir='ltr'>relicta</span> <span class='ocrx_word' id='word_1_206' title='bbox 579 4054 680 4137; x_wconf 73' lang='lat' dir='ltr'>Mylae</span> <span class='ocrx_word' id='word_1_207' title='bbox 711 4069 821 4117; x_wconf 92' lang='lat' dir='ltr'>contra</span> <span class='ocrx_word' id='word_1_208' title='bbox 845 4055 1016 4117; x_wconf 92' lang='lat' dir='ltr'>Nicolaum</span> <span class='ocrx_word' id='word_1_209' title='bbox 1052 4053 1154 4115; x_wconf 87' lang='lat' dir='ltr'>filium</span> <span class='ocrx_word' id='word_1_210' title='bbox 1188 4055 1312 4116; x_wconf 89' lang='lat' dir='ltr'>Nicolai</span> <span class='ocrx_word' id='word_1_211' title='bbox 1344 4054 1486 4116; x_wconf 88' lang='lat' dir='ltr'>secundo</span> 
     </span>
     <span class='ocr_line' id='line_1_34' title="bbox 221 4162 620 4244; baseline 0 -20"><span class='ocrx_word' id='word_1_212' title='bbox 221 4163 315 4224; x_wconf 89' lang='lat' dir='ltr'>citata</span> <span class='ocrx_word' id='word_1_213' title='bbox 340 4181 406 4222; x_wconf 94' lang='lat' dir='ltr'>non</span> <span class='ocrx_word' id='word_1_214' title='bbox 431 4162 620 4244; x_wconf 92' lang='lat' dir='ltr'>comparuit.</span> 
     </span>
    </p>

    <p class='ocr_par' dir='ltr' id='par_1_18' title="bbox 219 4266 1487 4456">
     <span class='ocr_line' id='line_1_35' title="bbox 326 4266 1487 4330; baseline -0.001 -2"><span class='ocrx_word' id='word_1_215' title='bbox 326 4266 405 4328; x_wconf 89' lang='lat' dir='ltr'>ltem</span> <span class='ocrx_word' id='word_1_216' title='bbox 442 4267 518 4328; x_wconf 93' lang='lat' dir='ltr'>luan</span> <span class='ocrx_word' id='word_1_217' title='bbox 551 4268 709 4330; x_wconf 88' lang='lat' dir='ltr'>Wrouicb</span> <span class='ocrx_word' id='word_1_218' title='bbox 741 4281 851 4330; x_wconf 89' lang='lat' dir='ltr'>contra</span> <span class='ocrx_word' id='word_1_219' title='bbox 887 4268 1098 4329; x_wconf 91' lang='lat' dir='ltr'>Benedictum</span> <span class='ocrx_word' id='word_1_220' title='bbox 1130 4266 1312 4329; x_wconf 89' lang='lat' dir='ltr'>carnificem</span> <span class='ocrx_word' id='word_1_221' title='bbox 1344 4266 1487 4329; x_wconf 92' lang='lat' dir='ltr'>secundo</span> 
     </span>
     <span class='ocr_line' id='line_1_36' title="bbox 219 4374 641 4456; baseline -0.005 -19"><span class='ocrx_word' id='word_1_222' title='bbox 219 4375 337 4438; x_wconf 86' lang='lat' dir='ltr'>citatus</span> <span class='ocrx_word' id='word_1_223' title='bbox 360 4392 426 4435; x_wconf 93' lang='lat' dir='ltr'>non</span> <span class='ocrx_word' id='word_1_224' title='bbox 451 4374 641 4456; x_wconf 87' lang='lat' dir='ltr'>comparuit.</span> 
     </span>
    </p>

    <p class='ocr_par' dir='ltr' id='par_1_19' title="bbox 216 4478 1501 4670">
     <span class='ocr_line' id='line_1_37' title="bbox 327 4478 1501 4562; baseline -0.003 -20"><span class='ocrx_word' id='word_1_225' title='bbox 327 4481 405 4544; x_wconf 90' lang='lat' dir='ltr'>ltem</span> <span class='ocrx_word' id='word_1_226' title='bbox 440 4480 557 4542; x_wconf 86' lang='lat' dir='ltr'>Paulus</span> <span class='ocrx_word' id='word_1_227' title='bbox 589 4478 728 4543; x_wconf 87' lang='lat' dir='ltr'>carnifex</span> <span class='ocrx_word' id='word_1_228' title='bbox 760 4493 870 4542; x_wconf 89' lang='lat' dir='ltr'>contra</span> <span class='ocrx_word' id='word_1_229' title='bbox 903 4480 1107 4562; x_wconf 86' lang='lat' dir='ltr'>Damyanum</span> <span class='ocrx_word' id='word_1_230' title='bbox 1139 4481 1244 4562; x_wconf 93' lang='lat' dir='ltr'>primo</span> <span class='ocrx_word' id='word_1_231' title='bbox 1276 4479 1388 4540; x_wconf 90' lang='lat' dir='ltr'>citatus</span> <span class='ocrx_word' id='word_1_232' title='bbox 1422 4497 1501 4539; x_wconf 91' lang='lat' dir='ltr'>non·</span> 
     </span>
     <span class='ocr_line' id='line_1_38' title="bbox 216 4588 412 4670; baseline -0.026 -16"><span class='ocrx_word' id='word_1_233' title='bbox 216 4588 412 4670; x_wconf 86' lang='lat' dir='ltr'>comparuit.</span> 
     </span>
    </p>

    <p class='ocr_par' dir='ltr' id='par_1_20' title="bbox 326 4688 1487 4775">
     <span class='ocr_line' id='line_1_39' title="bbox 326 4688 1487 4775; baseline -0.006 -21"><span class='ocrx_word' id='word_1_234' title='bbox 326 4694 405 4755; x_wconf 90' lang='lat' dir='ltr'>ltem</span> <span class='ocrx_word' id='word_1_235' title='bbox 431 4693 584 4755; x_wconf 91' lang='lat' dir='ltr'>Nicolaus</span> <span class='ocrx_word' id='word_1_236' title='bbox 607 4694 762 4775; x_wconf 84' lang='lat' dir='ltr'>premisso</span> <span class='ocrx_word' id='word_1_237' title='bbox 793 4713 852 4754; x_wconf 87' lang='lat' dir='ltr'>suo</span> <span class='ocrx_word' id='word_1_238' title='bbox 884 4693 1070 4754; x_wconf 88' lang='lat' dir='ltr'>testimonio</span> <span class='ocrx_word' id='word_1_239' title='bbox 1095 4692 1223 4752; x_wconf 88' lang='lat' dir='ltr'>racione</span> <span class='ocrx_word' id='word_1_240' title='bbox 1256 4689 1390 4772; x_wconf 88' lang='lat' dir='ltr'>predicti</span> <span class='ocrx_word' id='word_1_241' title='bbox 1423 4688 1487 4748; x_wconf 89' lang='lat' dir='ltr'>cla-</span> 
     </span>
    </p>
   </div>
   <div class='ocr_carea' id='block_1_6' title="bbox 210 4798 1384 4916">
    <p class='ocr_par' dir='ltr' id='par_1_21' title="bbox 210 4798 1384 4916">
     <span class='ocr_line' id='line_1_40' title="bbox 210 4798 1384 4916; baseline -0.009 -50"><span class='ocrx_word' id='word_1_242' title='bbox 210 4800 317 4867; x_wconf 91' lang='lat' dir='ltr'>midis</span> <span class='ocrx_word' id='word_1_243' title='bbox 340 4798 489 4860; x_wconf 87' lang='lat' dir='ltr'>atestavit</span> <span class='ocrx_word' id='word_1_244' title='bbox 511 4811 546 4860; x_wconf 94' lang='lat' dir='ltr'>ut</span> <span class='ocrx_word' id='word_1_245' title='bbox 574 4798 696 4862; x_wconf 93' lang='lat' dir='ltr'>debuit.</span> <span class='ocrx_word' id='word_1_246' title='bbox 1368 4879 1384 4916; x_wconf 40' lang='grc' dir='ltr'><em>ὴ</em></span> 
     </span>
    </p>
   </div>
   <div class='ocr_carea' id='block_1_7' title="bbox 0 0 1704 5364">
    <p class='ocr_par' dir='ltr' id='par_1_22' title="bbox 0 0 1704 5364">
     <span class='ocr_line' id='line_1_41' title="bbox 0 0 1704 5364; baseline 0 1"><span class='ocrx_word' id='word_1_247' title='bbox 0 0 1704 5364; x_wconf 95' lang='lat' dir='ltr'> </span> 
     </span>
    </p>
   </div>
  </div>
 </body>
</html>
