3404 5362
530 377 729 457 Ann01378.
755 415 795 424 -
820 377 851 444 8,
874 383 954 443 maii.
1323 401 1382 464 127

221 594 299 656 Item
334 592 496 674 Georgius
526 610 665 654 assessor
696 591 863 654 Anthonio
895 593 1043 654 assessori
1076 592 1227 654 undecim
1262 611 1384 654 marcas

128 719 192 762 cum
216 699 322 763 media
346 699 554 762 denariorum
575 699 607 759 in
633 698 809 780 quindenis
824 699 1006 781 persolvere
1031 699 1127 761 debet
1150 699 1218 760 sine
1244 697 1383 761 difficul-

128 820 181 868 tate
205 807 347 888 aliquali.

222 913 299 974 Item
324 912 476 974 Marenus
499 911 637 993 lapicida
670 924 778 973 contra
814 911 1017 972 Demetrium
1048 910 1247 974 sacerdotem
1278 911 1383 993 primo

125 1020 230 1081 citatus
254 1038 318 1080 non
342 1016 534 1099 comparuit.

222 1124 300 1186 ltem
337 1143 432 1186 causa
465 1121 597 1204 Georgii
630 1121 711 1184 labri
744 1137 775 1184 et
807 1124 924 1184 Jaklini
957 1136 1004 1186 est
1027 1143 1083 1205 per
1116 1123 1319 1205 Stephanum
1352 1136 1383 1184 et

125 1232 299 1294 lohannem
323 1230 364 1292 ad
389 1243 462 1291 octo
487 1229 556 1291 dies
579 1243 706 1312 recepta
730 1229 771 1290 ad
795 1249 918 1310 pacem.

221 1355 300 1416 ltem
325 1373 419 1416 causa
443 1352 601 1415 Anthonii
625 1352 718 1433 jurati
744 1366 775 1414 et
799 1352 932 1434 Georgii
966 1353 1155 1435 carpentarii
1181 1367 1227 1414 est
1250 1373 1306 1435 per
1330 1355 1380 1415 Ja-

123 1463 235 1524 cobum
260 1461 339 1523 Bole
365 1473 396 1521 et
418 1458 613 1540 Gregorium
637 1460 755 1541 Angeli
781 1460 821 1521 ad
849 1474 923 1522 octo
947 1460 1015 1521 dies
1040 1473 1167 1542 recepta
1192 1461 1232 1522 ad
1259 1480 1382 1542 pacem.

219 1569 299 1630 ltem
322 1566 477 1629 Nicolaus
501 1565 605 1647 Cigan
635 1579 745 1628 contra
770 1566 899 1629 Petrum
936 1566 1042 1648 primo
1068 1567 1181 1629 citatus
1205 1586 1270 1629 non
1296 1586 1383 1629 com-

122 1676 231 1759 paruit.

220 1781 299 1843 ltem
331 1778 453 1841 Petheu
486 1793 517 1841 et
548 1777 694 1860 Dragech
730 1792 840 1841 contra
872 1778 1020 1841 Matheus
1057 1779 1163 1861 primo
1199 1778 1284 1841 citati
1317 1797 1383 1840 non

122 1899 376 1970 comparuerunt.

219 1993 297 2055 ltem
322 1990 475 2053 Nicolaus
500 1989 713 2053 Zrebernicha
730 2003 841 2051 contra
861 1989 1039 2072 Symonem
1066 2005 1222 2052 sartorem
1240 1991 1382 2053 secundo

123 2100 231 2162 citatus
255 2118 320 2161 non
345 2097 536 2180 comparuit.

222 2206 302 2268 ltem
325 2224 419 2267 causa
444 2203 578 2285 Georgii
601 2202 730 2264 sartoris
762 2216 793 2264 et
818 2201 968 2284 Gregorii
994 2205 1034 2265 ab
1066 2223 1129 2266 una
1154 2217 1185 2265 et
1209 2204 1296 2265 Luce
1321 2203 1383 2264 Bo·

124 2312 199 2375 nioli
224 2327 270 2375 est
293 2311 333 2374 ad
358 2310 604 2393 quindecimum
624 2321 798 2391 prorogata
815 2308 854 2370 ad
879 2329 1001 2391 pacem,
1026 2324 1057 2372 et
1072 2311 1196 2372 tamdiu
1213 2330 1383 2393 quousque

125 2417 244 2498 justicia
267 2417 396 2481 finietur
420 2418 502 2479 inter
526 2416 658 2478 eosdem
683 2434 791 2476 coram
816 2414 921 2494 judice
946 2417 1171 2481 ecclesiastico.

223 2543 302 2605 ltem
328 2540 490 2604 lohannes
514 2553 624 2602 contra
648 2539 782 2600 luanum
808 2553 923 2601 octavo
947 2540 999 2602 die
1024 2541 1242 2623 respondebit.

224 2649 303 2712 ltem
319 2648 440 2710 Paulus
464 2645 604 2709 carnifex
627 2659 736 2707 contra
762 2646 883 2708 Lucam
910 2647 1053 2709 secundo
1072 2647 1185 2710 citatus
1209 2668 1274 2710 non
1296 2668 1382 2711 corn-

125 2754 233 2836 paruit.
717 2752 722 2760 ’

222 2860 300 2922 ltem
315 2858 463 2922 Geninus
475 2858 597 2940 juratus
610 2859 745 2921 domino
760 2858 896 2942 Mylech
911 2859 1027 2940 Magde
1038 2874 1152 2922 octavo
1170 2860 1222 2922 die
1239 2861 1383 2943 quinque

127 2982 242 3027 marcas
265 2963 473 3026 denariorum
496 2964 649 3028 exsolvet.

224 3072 302 3133 ltem
334 3069 497 3133 lohannes
529 3071 561 3132 in
593 3071 779 3133 testimonio
811 3089 870 3131 suo
903 3085 1012 3133 contra
1045 3069 1223 3152 Georgium
1256 3071 1383 3152 defecit,

128 3194 195 3259 ergo
219 3196 348 3239 causam
371 3176 513 3261 perdidit
537 3190 568 3239 et
590 3176 689 3258 judici
714 3176 867 3238 remansit
892 3177 929 3237 lll
954 3177 1072 3258 pensis.

225 3301 303 3362 ltem
337 3299 497 3381 Georgius
527 3314 629 3362 sartor
660 3301 795 3362 domino
827 3301 921 3362 Petro
954 3301 986 3362 in
1018 3303 1192 3383 quindenis
1222 3304 1281 3366 XV
1313 3305 1383 3368 flor.

130 3407 289 3482 persolvet.

583 3609 728 3682 Sabbata
756 3613 920 3700 sequenti.

479 3762 664 3837 adjudieacio
684 3765 810 3838 judicum
834 3767 1027 3837 antiquorum.

661 3920 709 3999 (8.
732 3925 827 4000 maii).

224 4077 334 4141 Primo
359 4076 528 4141 Elisabeth
553 4080 668 4142 mulier
699 4081 877 4143 secundum
902 4082 1181 4163 adjudicacionem
1205 4082 1383 4164 juratorum

125 4184 252 4247 sabbato
275 4204 362 4248 nunc
378 4184 524 4267 proxime
540 4199 677 4249 venturo
693 4206 726 4248 se
750 4189 889 4250 secunda
907 4189 1025 4271 jurabit
1048 4190 1080 4251 in
1101 4209 1151 4268 eo,
1175 4190 1263 4270 quod
1281 4189 1383 4271 ipsam

124 4306 247 4351 vaccam
271 4309 345 4352 cum
369 4310 426 4352 sua
450 4291 579 4374 propria
603 4292 751 4369 emisset;
788 4307 917 4375 peracto
942 4295 1051 4376 itaque
1076 4296 1257 4376 juramento
1283 4296 1383 4377 ipsam

122 4412 247 4459 vaccam
271 4396 426 4459 Nicolaus
449 4398 509 4461 sibi
535 4397 611 4460 dare
636 4398 767 4462 debebit
790 4400 859 4463 sine
888 4401 1146 4464 contradiccione
1172 4402 1316 4483 aliquali.

223 4519 303 4581 ltem
335 4519 497 4602 Georgius
527 4522 744 4604 carpentarius
773 4537 887 4587 octavo
920 4525 971 4587 die
1007 4546 1039 4587 se
1071 4527 1187 4588 tercius
1211 4526 1328 4608 jurabit
1351 4525 1383 4587 in

122 4643 167 4703 eo,
191 4625 281 4706 quod
304 4626 375 4709 ipse
406 4647 471 4690 non
505 4630 639 4691 asseruit
670 4629 783 4692 lalsam
814 4631 956 4694 mediam
990 4634 1099 4696 cubuli
1132 4633 1384 4709 communitatis,

120 4747 212 4811 super
235 4731 325 4812 quod
349 4730 469 4795 lactum
487 4732 584 4813 judex
601 4754 674 4796 cum
700 4754 766 4797 uno
790 4749 869 4798 teste
887 4739 1043 4815 atestavir‚
1068 4739 1147 4801 alter
1171 4754 1280 4799 autem
1296 4739 1384 4801 testis

119 4834 268 4899 videlicet
291 4837 446 4900 Nicolaus
471 4840 684 4903 Zrebernicha
710 4841 814 4924 ipsum
839 4843 1060 4906 testimonium
1089 4844 1223 4907 nescivit
1238 4856 1384 4907 atestare.
