3404 5362
217 381 255 440 ¹4
596 360 683 417 Anno
707 370 794 435 1375.
820 391 859 401 -
877 372 934 434 30.
957 359 1065 416 martii.
1131 418 1135 429 ,

318 570 397 633 ltem
427 589 521 631 causa
553 567 724 630 Zaualiche
757 580 787 629 ct
818 567 969 630 Peterlini
1001 579 1048 628 est
1078 566 1117 628 ad
1151 566 1290 648 primum
1321 564 1480 647 judiciam

212 690 396 761 prorogata.

318 784 397 847 ltem
421 803 515 846 caasa
539 782 650 845 Jacobi
674 794 706 843 et
730 780 883 863 Stephani
908 793 955 841 est
977 798 1033 860 per
1056 776 1207 860 Matheylr
1232 775 1415 839 carnificem
1439 776 1481 838 ad

212 891 353 973 primum
377 889 534 971 judicium
558 903 684 972 recepta
709 888 749 950 ad
774 907 897 970 pacem.

318 996 397 1059 Item
423 995 500 1058 luan
526 995 687 1057 Sibichich
711 1014 744 1056 se
768 995 885 1056 tercius
909 992 986 1055 seria
1003 1007 1090 1055 serta
1114 991 1232 1074 jurabit
1248 1004 1358 1054 contra
1382 991 1481 1054 Nico·

215 1102 304 1164 laam
328 1102 417 1184 quod
441 1101 582 1183 quedam
607 1101 717 1163 clamis
740 1121 796 1162 saa
820 1100 902 1162 duos
926 1098 1065 1161 florenos
1089 1098 1251 1160 valuisset.

319 1208 398 1270 Item
428 1207 570 1269 secando
607 1207 723 1289 parabit
753 1207 882 1289 propria
912 1225 1049 1289 persona
1073 1205 1161 1287 quod
1193 1204 1283 1266 illam
1307 1204 1481 1267 clamidem

212 1314 273 1376 sibi
297 1327 452 1397 perpetuo
476 1332 543 1375 non
566 1313 758 1376 tradidisset.

320 1418 398 1480 ltem
422 1418 679 1501 adjudicavimus
708 1438 822 1480 omnes
852 1418 1068 1501 possessiones
1097 1416 1246 1500 Gregorii
1271 1415 1406 1480 Scottha
1429 1435 1481 1479 or·

213 1524 328 1608 phanis
349 1537 381 1587 et
404 1524 478 1587 filiis
502 1526 550 1586 sui
576 1523 680 1587 fratris
702 1545 759 1609 per
776 1526 952 1587 Martinam
977 1524 1213 1608 carpentarium
1229 1522 1426 1587 restituenda
1451 1535 1483 1585 et

214 1631 350 1693 literalia
374 1632 594 1694 instrumenta.

319 1738 398 1800 ltem
433 1738 590 1801 Martinus
623 1738 841 1821 carpentarius
872 1736 949 1799 seria
980 1750 1066 1799 serta
1103 1736 1220 1818 jurabit
1249 1737 1377 1820 propria
1410 1755 1485 1798 cum

213 1864 363 1928 persona,
388 1843 477 1925 quod
509 1844 619 1906 omnia
651 1857 800 1906 contenta
820 1844 852 1906 in
884 1843 1014 1925 legistro
1045 1864 1104 1906 suo
1136 1864 1195 1928 pto
1218 1844 1325 1905 anima
1349 1843 1486 1925 predicti

215 1949 364 2032 Gregorii
389 1949 601 2033 expendisset.

320 2056 399 2118 ltem
423 2057 536 2117 Marko
560 2076 592 2117 se
616 2069 724 2118 sextas
748 2069 858 2118 contra
882 2056 1062 2119 Johannem
1087 2056 1213 2138 jurabit.

321 2162 398 2224 ltem
424 2161 583 2243 Georgius
606 2182 639 2223 se
662 2163 780 2224 tercius
803 2162 921 2243 jurabit
944 2177 1054 2225 contra
1080 2163 1220 2224 eundem
1245 2163 1425 2225 Johannem
1450 2163 1484 2224 in

215 2289 265 2349 eo,
290 2268 378 2351 quod
403 2288 477 2330 eum
503 2267 679 2331 interficere
703 2267 865 2349 voluisset,
890 2269 969 2332 seria
993 2282 1081 2331 sexta
1097 2271 1269 2352 plusquam
1292 2282 1438 2332 ventura.

320 2375 398 2437 ltem
421 2375 566 2436 Andreas
589 2375 750 2437 aurifaber
780 2389 890 2438 contra
924 2375 1064 2457 judicem
1097 2376 1310 2438 Jacomellum
1334 2387 1382 2437 est
1406 2394 1484 2436 con·

214 2481 316 2543 victus
340 2481 370 2541 in
397 2481 573 2557 Xmarcis;
590 2481 719 2561 juratos,
737 2482 936 2544 consiliarios
960 2496 991 2544 et
1007 2482 1189 2544 universam
1215 2480 1483 2544 communitatem

215 2586 414 2669 complacare
439 2587 569 2648 debebit
585 2601 715 2670 propter
731 2589 945 2650 assercionem
969 2608 1070 2667 suam,
1088 2589 1177 2670 quod
1194 2588 1356 2650 civitatem
1374 2599 1483 2648 nostre

214 2692 425 2754 habitacionis
449 2692 546 2755 vellet
569 2712 785 2756 concremare.
979 2683 982 2689 ’

321 2797 400 2860 ltem
424 2798 569 2860 Andreas
592 2798 688 2860 Zolar
712 2799 790 2862 feria
814 2815 901 2863 sexta
925 2821 957 2864 se
989 2815 1095 2862 sextus
1120 2799 1237 2881 jurabit
1260 2800 1293 2861 in
1317 2819 1367 2879 eo,
1391 2800 1483 2881 quod

216 2903 281 2988 ipse
307 2903 487 2966 voluntarie
511 2905 673 2967 civitatem
697 2921 803 2969 nostre
827 2907 1040 2969 habitacionis
1064 2926 1130 2968 non
1155 2905 1358 2969 incendisset.

322 3011 399 3072 Item
424 3030 517 3073 causa
542 3010 719 3074 Clementis
743 3027 773 3075 et
796 3014 869 3097 Vyd
894 3015 1022 3076 sartoris
1055 3026 1102 3075 est
1124 3033 1180 3095 per
1204 3013 1406 3075 Anthonium
1431 3032 1485 3074 su·

215 3130 318 3179 torem
354 3130 385 3178 et
420 3116 623 3200 Damyanum
658 3119 698 3180 ad
734 3118 847 3182 leriam
882 3133 1002 3182 sextam
1033 3140 1119 3182 nunc
1154 3133 1320 3182 venturam
1355 3131 1484 3201 recepta

216 3223 256 3285 ad
281 3241 404 3306 pacem.

322 3328 399 3390 ltem
423 3325 501 3391 feria
524 3342 610 3391 sexta
628 3330 831 3392 Sebestianus
847 3331 964 3414 jurabit
979 3345 1088 3394 contra
1111 3332 1245 3394 luanum
1268 3333 1300 3394 in
1325 3351 1374 3412 eo,
1392 3331 1483 3414 qaod

217 3433 377 3516 quidquid
399 3434 459 3495 sibi
484 3434 662 3517 dampnum
685 3436 843 3498 intulisset
866 3438 1047 3519 persolvere
1072 3438 1212 3500 debebit.

320 3539 400 3601 Item
423 3560 517 3603 causa
537 3541 633 3604 Flore
658 3556 689 3605 et
713 3544 797 3606 Petri
822 3544 932 3606 estad
955 3545 1096 3626 primum
1120 3544 1276 3626 iudicium
1298 3558 1483 3626 prorogata.

322 3755 419 3832 Feria
446 3769 546 3833 sexta
574 3769 651 3852 post
678 3762 801 3834 festum
833 3765 1022 3854 predictum
1048 3767 1192 3854 virginis
1220 3764 1374 3854 gloriose.

744 3917 808 3993 (30.
831 3920 955 3996 martit).

241 4140 243 4144 y
322 4053 401 4115 ltem
428 4054 596 4117 Elizabeth
621 4056 776 4139 premisso
800 4059 985 4120 testimonio
1002 4059 1225 4140 comprobavit
1248 4058 1336 4140 quod
1353 4057 1483 4139 domus,

217 4179 280 4242 que
304 4173 351 4223 est
374 4161 458 4223 iuxta
490 4174 616 4244 portam
648 4163 880 4244 carnificum‚a
907 4163 1050 4246 Georgio
1082 4165 1173 4228 Plath
1205 4180 1343 4246 quatuor
1365 4168 1484 4230 marcis

217 4280 430 4349 comparasset
453 4288 528 4350 erga
552 4269 669 4351 ipsam3
695 4270 828 4332 domum
852 4271 912 4333 sibi
930 4271 1184 4353 adjudicavimus
1208 4286 1364 4354 perpetuo
1380 4274 1484 4354 possi-

217 4372 358 4435 dendam
383 4386 413 4435 et
429 4374 522 4436 vinee
538 4375 669 4437 terciam
686 4390 808 4459 partem
825 4377 921 4439 simili
947 4377 1045 4439 modo
1063 4377 1216 4440 utendam
1232 4379 1283 4440 vel
1299 4378 1483 4460 cuicunque

217 4478 356 4541 voluerit
379 4479 574 4543 donandam.

323 4584 402 4646 ltem
426 4586 618 4648 Benedictus
641 4586 726 4649 filius
757 4587 910 4670 Stephani
943 4589 1000 4651 lilii
1026 4590 1151 4652 Lucasii
1176 4610 1270 4653 suum
1301 4590 1482 4672 baltheum,

218 4709 315 4771 quem
341 4690 457 4752 habere
489 4691 665 4754 dinoscitur
696 4692 936 4774 inpignoratam
968 4696 1054 4777 apud
1079 4696 1241 4758 Andream
1271 4697 1408 4758 condam
1433 4697 1481 4778 ju·

217 4808 322 4857 tatum
346 4810 491 4859 nostrum
515 4798 690 4879 concivem,
711 4819 768 4881 pro
786 4799 897 4862 decem
922 4814 952 4863 et
973 4816 1112 4883 quatuor
1128 4804 1243 4865 marcis
1267 4824 1302 4865 ac
1319 4804 1408 4865 XXV
1425 4804 1481 4866 de·
