3404 5362
602 340 688 396 Anno
710 352 802 415 1390.
830 372 874 381 —
899 351 951 413 29.
968 339 1121 414 januarii.
1440 357 1499 418 333

339 550 417 612 Item
444 549 639 631 Dragoslaus
663 549 800 610 condam
825 548 946 629 juratus
971 562 1001 611 et
1017 549 1102 610 Iwan
1127 549 1273 611 similiter
1297 549 1435 612 condam
1453 548 1501 629 ju·

212 670 317 718 ratus
344 669 532 737 receperunt
556 656 685 717 Petrum
712 654 865 717 Scornich
891 675 990 737 usque
1019 670 1170 717 octavum
1193 655 1280 717 diem
1304 655 1344 717 de
1368 655 1500 738 (volun-

208 763 306 845 tate)
331 763 456 824 domini
480 762 606 824 Nicolai
632 761 781 824 Delasich
806 762 846 824 ad
871 761 1089 827 concordiam.

338 869 416 932 Item
441 869 533 931 Duch
551 868 636 931 filius
653 867 784 950 Georgii
806 868 881 930 dicti
901 868 1012 951 Sydou
1031 883 1141 931 contra
1160 868 1373 930 Laurencium
1391 869 1498 951 primo

215 978 347 1039 citatus
376 996 440 1038 non
464 975 654 1057 comparuit.

341 1082 418 1144 Item
451 1101 578 1144 causam
610 1081 691 1142 inter
721 1080 822 1142 Vorih
854 1094 885 1142 et
914 1081 1042 1143 Petrum
1076 1081 1255 1144 institorem
1287 1080 1327 1142 ad
1350 1094 1500 1143 octavum

216 1190 319 1252 diem
346 1202 535 1271 receperunt
558 1188 598 1250 ad
623 1207 745 1271 pacem.

341 1295 420 1357 Item
452 1315 547 1358 causa
571 1293 685 1356 Briccii
707 1306 816 1356 contra
834 1292 997 1355 Thomam
1015 1293 1211 1376 selliparium
1236 1306 1362 1376 recepta
1386 1306 1433 1355 est
1459 1292 1499 1355 ad

213 1416 306 1465 octo
334 1401 402 1462 dies
426 1401 466 1464 ad
491 1420 614 1484 pacem.

343 1506 422 1569 Item
449 1508 567 1569 mulier
591 1506 675 1568 Petri
708 1505 862 1567 institoris
893 1520 1002 1568 contra
1034 1506 1234 1568 Hermanum
1266 1505 1372 1587 primo
1404 1505 1500 1567 citata

220 1634 298 1677 non
334 1614 524 1696 comparuit.

342 1718 422 1781 Item
445 1739 540 1781 causa
565 1718 670 1802 Gyani
695 1734 805 1781 contra
830 1718 1025 1780 Hanslinum
1056 1731 1228 1801 prorogata
1252 1730 1299 1779 est
1332 1738 1432 1800 usque
1456 1716 1500 1779 f-

226 1828 316 1889 riam
342 1839 461 1889 sextam
486 1826 666 1908 proximam
690 1839 763 1908 post
787 1825 994 1908 Epiphanias.

343 1933 422 1995 Item
439 1934 552 1995 Kaulra
577 1933 684 1994 relicta
709 1931 857 2013 Gregorii
880 1932 979 1994 tercio
1004 1952 1036 1992 se
1064 1953 1221 2015 supereo
1245 1933 1364 2015 jurabit
1389 1946 1499 1994 contra

230 2039 415 2120 Georgium
440 2040 471 2101 in
498 2054 612 2101 octavo
637 2039 699 2117 die,
725 2038 812 2120 quod
837 2039 903 2120 ipsa
928 2058 986 2100 nec
1012 2038 1116 2100 dictus
1139 2038 1211 2121 (vir)
1235 2060 1311 2101 suus
1335 2059 1399 2101 non
1426 2038 1499 2121 plus

231 2148 294 2209 nisi
320 2167 375 2209 sex
399 2147 506 2228 pensis
530 2145 757 2208 denariorum.
775 2193 783 2208 .
801 2146 912 2207 vlnum
936 2165 1028 2206 suum
1054 2147 1289 2229 propInassent.

347 2253 423 2315 Item
449 2253 609 2334 Georgius
634 2251 833 2314 Gochleuich
866 2271 938 2314 cum
964 2250 1060 2314 fratre
1084 2268 1194 2315 contra
1218 2253 1397 2315 Iohannem
1425 2303 1431 2316 .
1458 2299 1466 2314 .
1492 2301 1500 2316 .

240 2374 354 2422 octavo
378 2360 429 2420 die
455 2358 648 2442 respondere
673 2359 778 2421 debet.

339 2466 417 2528 Item
455 2465 585 2548 Mathey
618 2464 790 2548 StoychIch
823 2485 896 2528 cum
935 2479 1036 2527 matre
1071 2487 1127 2528 sua
1159 2480 1268 2528 contra
1303 2466 1496 2549 Gregorium

231 2572 369 2634 roschar
393 2592 458 2634 non
483 2572 673 2654 comparuit.

342 2677 419 2739 Item
445 2679 570 2740 Marcus
595 2677 679 2739 iilius
704 2678 863 2740 Leonardi
888 2692 997 2741 contra
1026 2679 1188 2762 Mathyam
1214 2678 1356 2741 secundo
1384 2680 1498 2742 citatus

238 2804 300 2847 non
328 2785 517 2868 comparuit.

463 2985 559 3059 Ferit
589 2989 695 3059 tercia
724 2995 801 3076 post
829 2950 949 3059 festum
980 2987 1070 3059 beati
1100 2989 1281 3061 vincentii,

627 3140 730 3220 (Anno
754 3157 841 3220 1391,
867 3157 918 3220 24.
940 3141 1108 3223 januaria).

343 3284 420 3346 Item
445 3304 539 3345 causa
557 3282 718 3344 kalendini
744 3297 887 3345 sutorum
907 3297 1016 3344 contra
1037 3282 1234 3345 Biharuarad
1259 3303 1361 3365 usque
1378 3297 1498 3345 sextam

238 3390 348 3454 leriam
375 3404 420 3453 est
443 3404 624 3473 prorogata.

342 3496 420 3559 Item
438 3517 533 3559 causa
551 3497 632 3557 Inter
649 3496 819 3558 Nicolaum
837 3496 985 3557 Delasich
1007 3495 1145 3558 condam
1162 3495 1302 3577 judicem
1320 3511 1351 3559 et
1370 3498 1500 3559 Petrum

235 3604 371 3685 longum
397 3624 432 3666 ac
455 3604 621 3666 Vrbanam
647 3622 772 3664 necnon
794 3602 937 3664 Blasium
955 3602 1194 3665 Chesnilrouich
1220 3604 1265 3665 sic
1289 3617 1336 3666 est
1359 3602 1498 3685 judicata

232 3729 329 3793 super
351 3710 504 3792 pecunias
529 3729 608 3791 quas
632 3709 713 3770 inter
737 3729 769 3770 se
791 3708 1004 3770 communiter
1032 3707 1196 3786 haberent,
1221 3723 1255 3771 ut
1278 3729 1342 3791 que
1365 3723 1438 3770 sunt
1464 3723 1497 3772 et

234 3816 366 3899 reperiri
391 3829 525 3898 possunt
549 3816 630 3876 inter
653 3836 685 3876 se
711 3815 867 3897 equaliter
892 3813 1035 3876 diuidere
1065 3814 1183 3876 debent
1207 3815 1272 3876 sive
1298 3816 1361 3877 sint
1386 3817 1499 3878 merci·

235 3923 355 4001 monia,
373 3935 404 3984 et
427 3942 490 4004 que
509 3921 627 3984 luerint
644 3922 781 4001 residua,
806 3922 860 3982 illa
885 3940 997 3982 omnes
1014 3939 1148 4001 querere
1173 3920 1310 3998 habent;
1336 3921 1402 4003 ipse
1421 3942 1499 3983 vero

236 4030 349 4092 Petrus
372 4028 411 4090 ad
437 4029 587 4110 antiquos
610 4027 731 4109 judices
755 4027 940 4110 appellavit.

341 4134 420 4197 Item
438 4154 532 4196 causa
550 4132 682 4216 Georgii
707 4154 778 4196 cum
805 4148 904 4195 matre
918 4150 1026 4196 contra
1045 4134 1222 4197 Iohannem
1242 4134 1380 4213 judicem
1399 4155 1499 4217 usque

235 4254 354 4303 sextam
380 4239 492 4303 leriam
517 4254 563 4303 est
587 4254 767 4323 prorogata.

237 4443 381 4514 sabbato
402 4445 554 4532 proximo
583 4450 661 4515 ante
680 4443 803 4514 testum
824 4442 1079 4516 Purificacionis
1100 4445 1196 4516 beate
1212 4446 1316 4516 uarie
1344 4447 1499 4533 virginls.

736 4574 804 4658 (29.
828 4580 998 4661 januaria).

345 4699 423 4762 Item
456 4720 549 4762 causa
582 4701 706 4762 Nicolai
740 4701 910 4785 Delasych‚
940 4703 1023 4764 Petri
1057 4702 1157 4783 longi,
1189 4702 1309 4764 Vrbani
1343 4716 1373 4764 et
1404 4702 1501 4764 Blasii

245 4800 506 4889 Chescnylrouich
531 4827 588 4888 per
619 4807 770 4889 antiquos
802 4808 923 4888 judIces
948 4809 992 4871 sic
1016 4823 1062 4870 est
1093 4808 1287 4891 adjudicata,
1312 4809 1400 4890 quod
1425 4809 1500 4891 qula
