3404 5362
630 307 715 364 Anno
740 318 827 382 1375.
852 342 893 350 -
918 321 964 367 11.
989 308 1069 368 maii.

323 517 400 577 Item
419 500 609 577 'Anthonius
632 528 720 577 sutor
744 528 854 577 contra
879 515 1026 578 Gozkam
1043 517 1148 599 primo
1173 517 1287 579 citatus
1312 537 1378 579 non
1396 539 1481 580 com·

216 622 332 706 paruit.

323 729 400 792 Item
434 749 527 791 causa
559 729 657 790 Blasii
690 743 722 791 et
746 729 870 790 Nicolai
904 743 950 791 est
981 749 1037 811 per
1062 730 1140 791 Wlk
1173 743 1203 792 et
1233 730 1414 792 Francham
1443 732 1483 793 ad

217 850 291 898 octo
315 837 383 897 dies
408 848 534 916 recepta
559 835 599 896 ad
624 855 747 917 pacem.

323 943 401 1004 Item
427 943 583 1004 Martinus
605 956 715 1003 contra
740 941 940 1023 Stephanum
964 956 1078 1004 octavo
1103 942 1155 1004 die
1180 943 1399 1025 respondebit.

325 1048 402 1110 Item
426 1068 520 1110 causa
546 1049 673 1109 Martini
699 1063 730 1109 et
755 1049 880 1110 Nicolai
904 1064 951 1111 est
974 1069 1029 1131 per
1054 1049 1183 1110 Petrum
1209 1049 1320 1110 Touth
1344 1049 1386 1111 ad
1410 1063 1485 1111 octo

217 1156 285 1218 dies
309 1168 436 1237 recepta
460 1155 499 1215 ad
524 1173 647 1236 pacem.

324 1261 400 1321 Item
427 1260 534 1321 Sibich
564 1272 674 1321 contra
707 1259 892 1342 Dragonam
926 1261 1031 1343 primo
1063 1261 1177 1323 citatus
1201 1281 1265 1322 non
1291 1262 1485 1344 comparuit.

321 1366 398 1428 Item
424 1365 608 1427 Hermartin
633 1379 743 1426 contra
769 1366 911 1426 Blasium
933 1367 1039 1448 primo
1064 1367 1177 1427 citatus
1201 1386 1265 1427 non
1291 1368 1485 1449 comparuit.

323 1471 400 1532 Item
423 1469 596 1532 Chuethlto
613 1485 722 1532 contra
737 1471 941 1533 Clementem
956 1472 1060 1553 primo
1079 1472 1192 1534 citatus
1208 1491 1272 1533 non
1291 1474 1486 1555 comparuit.

323 1576 400 1638 Item
423 1576 533 1636 Petrus
557 1577 704 1638 atestavit
728 1596 783 1658 per
807 1577 954 1638 Maritum
981 1576 1227 1655 Gemzinouich,
1256 1577 1391 1639 luanum
1418 1579 1486 1640 Ku-

220 1682 387 1743 lrauichich
413 1696 443 1744 et
467 1682 647 1743 Johannem
671 1702 766 1764 super
790 1682 888 1743 domo
916 1682 1080 1763 quondam
1106 1682 1279 1744 Benlronis.

324 1786 400 1849 Item
427 1787 586 1869 Georgius
624 1787 708 1849 lilius
733 1787 886 1869 Stephani
918 1801 1027 1849 contra
1053 1787 1232 1868 Georgium
1264 1788 1408 1850 secundo
1440 1791 1484 1851 ci·

217 1908 301 1956 tatus
326 1914 391 1955 non
416 1895 605 1975 comparuit.

324 1999 400 2062 Item
426 2000 535 2061 relicta
560 2000 713 2080 Stephani
745 2000 855 2060 Bozou
885 2013 995 2061 contra
1029 2000 1233 2063 Anthonium
1258 2001 1364 2082 primo
1390 2002 1487 2064 citata

217 2127 283 2168 non
308 2107 499 2188 comparuit.

323 2212 399 2274 Item
425 2211 534 2273 relicta
559 2210 706 2292 Gregorii
732 2210 885 2273 aurifabri
904 2225 1013 2273 contra
1038 2211 1240 2274 Anthonium
1263 2213 1371 2295 primo
1388 2215 1486 2276 citata

217 2339 282 2380 non
305 2319 494 2400 comparuit.

322 2423 401 2485 Item
423 2422 571 2485 Ozimich
592 2436 701 2485 contra
721 2424 894 2486 Martinum
912 2437 1025 2484 octavo
1050 2423 1101 2484 die
1126 2444 1158 2485 se
1183 2425 1342 2486 secundus
1367 2425 1488 2507 jurabit

229 2542 358 2611 propter
385 2527 500 2610 fruges,
525 2529 613 2609 quod
637 2529 709 2611 plus
734 2549 798 2590 non
824 2530 951 2590 emisset
975 2529 1033 2589 nisi
1059 2529 1141 2591 duos
1165 2531 1301 2592 cubulos
1318 2530 1486 2595 frumenti.

322 2635 400 2696 Item
436 2633 618 2696 Anthonius
643 2636 744 2697 Reniz
778 2649 888 2697 contra
924 2635 1080 2696 Iacobum
1116 2635 1255 2716 juratum
1280 2652 1396 2699 octavo
1432 2638 1485 2701 die

217 2740 433 2823 respondebit.

321 2847 399 2909 Item
426 2850 519 2907 Anna
544 2865 681 2908 noverca
708 2849 798 2910 Marlr
819 2848 923 2928 jurati,
947 2861 1019 2928 post
1051 2847 1226 2910 adventum
1260 2850 1405 2931 magistri
1432 2852 1486 2914 Jo-

217 2952 330 3014 hannis
351 2952 457 3034 Crispi
482 2952 520 3013 de
540 2952 641 3031 Buda,
665 2954 770 3035 primo
791 2954 912 3036 judicio
929 2954 998 3035 jura
1015 2975 1072 3016 sua
1089 2956 1257 3018 ostendere
1282 2955 1378 3018 debet
1394 2959 1487 3039 quod

217 3058 256 3120 sit
279 3058 402 3120 civissa.

323 3164 401 3225 Item
426 3163 497 3225 Elia
523 3163 683 3226 aurifaber
700 3180 808 3228 contra
826 3166 970 3228 Francha
993 3166 1191 3229 aurifabrum
1208 3167 1352 3230 secundo
1370 3169 1487 3232 citatus

219 3289 284 3332 non
310 3269 499 3351 comparuit.

324 3375 401 3438 Item
427 3376 497 3437 Elia
522 3376 682 3439 aurifaber
699 3393 807 3441 contra
826 3379 992 3441 dominam
1011 3379 1140 3442 Claram
1163 3380 1269 3462 primo
1286 3381 1400 3442 citatus
1417 3402 1486 3445 non

217 3481 408 3562 comparuit.

325 3585 403 3648 Item
428 3605 522 3647 causa
546 3587 674 3650 Andree
699 3603 730 3650 et
755 3589 877 3651 Mareni
914 3604 961 3653 eat
985 3610 1041 3673 per
1072 3590 1252 3654 Johannem
1278 3592 1418 3656 Chemer
1443 3597 1486 3659 ad

218 3706 292 3755 octo
317 3693 385 3754 dies
410 3707 534 3774 recepta
558 3695 598 3754 ad
622 3715 744 3777 pacem.

321 3797 398 3859 Item
414 3797 577 3860 Corardus
591 3817 699 3863 contra
710 3803 866 3865 iacobum
880 3803 1052 3886 pellificem
1066 3819 1179 3866 octavo
1193 3805 1245 3866 die
1259 3808 1485 3889 respondebit.

321 3904 398 3966 Item
423 3904 569 3966 Thomas
587 3920 617 3969 et
642 3909 742 3970 Cursa
760 3924 869 3971 contra
894 3910 1034 3972 eundem
1051 3912 1208 3973 Iacobum
1232 3914 1376 3976 secundo
1393 3917 1484 3981 citati

216 4030 281 4072 non
306 4026 565 4092 comparuerunt.

321 4117 399 4179 Item
424 4117 526 4180 Cursa
543 4120 783 4182 molendinator
800 4137 909 4184 contra
934 4123 958 4184 F
962 4124 1099 4206 ilippum
1116 4126 1258 4188 secundo
1283 4128 1397 4189 citatus
1413 4148 1483 4192 non

215 4223 405 4305 comparuit.

322 4329 400 4391 Item
424 4329 607 4392 Anthonius
639 4347 727 4395 sutor
751 4354 807 4416 per
840 4334 944 4396 EIIam
977 4350 1008 4397 et
1032 4337 1266 4419 Margaretham
1291 4352 1401 4401 contra
1427 4341 1482 4403 Jo-

215 4433 354 4497 hannem
379 4450 493 4498 octavo
518 4436 569 4499 die
587 4439 806 4501 testimonium
833 4441 989 4523 producet
1005 4444 1092 4524 quod
1118 4445 1222 4525 ipsum
1240 4445 1480 4527 vituperaverit.

321 4542 399 4604 Item
432 4542 616 4605 Anthonius
646 4546 768 4608 lursich
801 4562 910 4609 contra
943 4549 1107 4632 Filippum
1140 4566 1253 4614 octavo
1285 4553 1336 4613 die
1361 4552 1482 4633 iurabit

214 4650 301 4729 quod
327 4649 453 4711 nullum
478 4650 656 4732 dampnum
681 4653 740 4714 sibi
766 4655 924 4717 intulisset
948 4656 979 4717 in
997 4658 1084 4736 vino,
1110 4659 1361 4738 linteaminibus,
1387 4679 1478 4722 men·

214 4755 333 4817 salibus
357 4771 388 4817 et
412 4757 482 4818 aliis
507 4759 611 4822 rebus.
