3404 5362
603 300 800 378 Anno1377.
824 335 867 344 —
892 311 937 378 17.
962 303 1075 377 aprilis.
1440 305 1480 384 85

322 511 402 574 Item
426 512 566 574 Iacobus
581 510 712 595 pellifex
729 527 840 575 contra
857 512 944 594 Span
961 512 1066 595 prImo
1083 513 1196 575 citatus
1208 533 1274 574 non
1293 516 1481 597 comparuit.

322 618 402 681 Item
419 618 588 701 Philippus
611 617 696 681 filius
721 619 825 682 Mauri
842 631 952 681 contra
974 619 1175 702 Mychaelem
1200 620 1358 704 Damyani
1376 623 1482 705 primo

219 723 329 786 citatus
353 742 420 785 non
448 724 637 807 comparuit.

321 829 401 893 Item
425 829 609 892 Alexander
641 842 755 893 octavo
787 830 839 892 die
872 850 928 914 per
963 831 1119 893 Iacobum
1144 831 1224 894 Bole
1256 846 1287 893 et
1312 833 1482 895 Nicolaum

216 935 331 1017 Angeli
355 935 476 1016 juratos
499 949 614 998 octavo
639 935 691 997 die
715 937 862 1000 atestabit
886 948 996 999 contra
1017 937 1189 999 Nicolaum
1214 935 1317 999 filium
1342 938 1480 1019 Crisani,

215 1041 300 1122 quod
326 1041 395 1124 ipse
420 1060 515 1103 suurn
538 1060 659 1123 equum
675 1041 727 1104 hic
751 1043 784 1104 in
808 1043 936 1106 civitate
954 1043 1081 1106 redIens
1104 1044 1143 1105 de
1169 1044 1323 1106 Leubako
1348 1045 1481 1109 reddere

215 1147 422 1228 promisisset.

319 1251 399 1313 Item
423 1252 576 1315 NIcoIaus
599 1251 685 1315 filius
708 1252 834 1316 Crisani
859 1266 969 1317 contra
1001 1255 1186 1317 Emericum
1218 1269 1333 1318 octavo
1357 1256 1409 1319 die
1433 1278 1480 1319 re-

217 1358 400 1440 spond'ebit.

318 1464 399 1527 Item
424 1464 561 1527 Mathias
577 1479 689 1529 contra
706 1467 925 1529 Alexandrum
943 1468 1048 1550 primo
1072 1468 1185 1530 citatus
1201 1487 1267 1528 non
1292 1470 1480 1550 comparuit.

317 1570 400 1633 Item
424 1590 518 1633 causa
536 1573 679 1654 magistri
696 1573 788 1635 Pauli
805 1586 836 1634 et
853 1573 1024 1655 Dragozlai
1042 1587 1090 1637 est
1101 1593 1158 1656 per
1175 1586 1268 1635 testes
1285 1574 1326 1635 ad
1339 1575 1479 1657 primum

215 1675 369 1757 judicium
394 1691 576 1760 prorogata.

316 1782 398 1846 Item
423 1785 520 1867 Myke
545 1784 675 1847 Bulsich
699 1786 826 1848 vineam
859 1785 984 1847 domini
1008 1787 1134 1849 Nicolai
1167 1789 1340 1850 sacerdotis
1372 1789 1478 1852 colere

216 1889 307 1952 debet
332 1889 442 1952 debito
467 1909 568 1971 more,
592 1891 675 1953 trIna
697 1892 933 1972 ligonizacione
964 1893 1101 1955 colendo
1126 1908 1157 1956 et
1187 1894 1400 1977 palificando;
1425 1898 1478 1959 Jo-

215 1993 353 2058 hannem
377 2011 486 2059 autem
510 1995 612 2059 filium
637 1997 792 2081 Plahtych
824 1998 880 2060 ubi
905 1999 1042 2061 inveniri
1074 2001 1202 2082 poterit,
1226 2000 1386 2083 justiciam
1410 2001 1478 2065 fieri

216 2100 368 2166 iaciemus
392 2103 432 2165 de
461 2103 587 2166 eodem.

314 2209 395 2272 Item
418 2210 581 2272 Iohannes
604 2209 769 2273 Chemerii
793 2206 904 2273 contra
921 2211 1122 2294 Stephanum
1145 2212 1251 2295 prImo
1276 2213 1391 2276 citatus
1407 2234 1476 2276 non

216 2316 404 2400 comparuit.

315 2422 395 2486 Item
420 2422 576 2484 Martinus
601 2424 773 2506 ZequIrich
806 2438 916 2486 contra
947 2424 1119 2487 Nicolaum
1144 2423 1247 2487 filium
1272 2425 1398 2487 Nicolai
1429 2446 1477 2488 se-

216 2529 318 2591 cundo
351 2528 465 2591 citatus
488 2548 553 2590 non
578 2531 767 2612 comparuit.

317 2635 396 2698 Item
421 2635 559 2719 Mykech
575 2635 660 2698 filius
677 2637 807 2699 Martini
831 2649 863 2699 et
885 2656 935 2699 ser
951 2635 1145 2700 Benedictus
1161 2650 1271 2699 contra
1295 2638 1477 2701 JansIInum

215 2743 315 2823 prImo
339 2742 425 2805 citati
457 2762 523 2805 non
547 2756 805 2825 comparuerunt.

315 2849 395 2911 Item
420 2868 514 2911 causa
537 2848 703 2931 judicum,
734 2849 912 2931 juratorum
944 2863 976 2912 et
999 2848 1118 2912 Genini
1151 2849 1318 2912 assessoris
1342 2863 1389 2911 est
1420 2870 1477 2932 per

217 2954 383 3018 Marenum
397 2968 428 3017 et
444 2955 616 3018 Nicolaum
634 2954 758 3018 Odolas
775 2955 814 3017 ad
832 2956 973 3037 primum
984 2954 1140 3036 judicium
1153 2968 1279 3037 recepta
1297 2955 1335 3017 ad
1352 2974 1476 3038 pacem.

314 3062 393 3124 Item
425 3061 609 3124 Anthonius
639 3076 729 3124 sutor
759 3075 870 3124 contra
902 3060 1097 3142 Gregorium
1130 3061 1236 3143 primo
1268 3062 1382 3124 citatus
1410 3081 1476 3123 non

216 3169 400 3253 comparuit.

311 3274 391 3337 Item
415 3294 509 3337 causa
534 3273 775 3336 communitatis
798 3285 830 3336 et
853 3272 940 3335 Noni
964 3271 1131 3334 assessoris
1155 3285 1202 3332 est
1224 3291 1281 3353 per
1307 3272 1475 3333 Marenum

217 3392 241 3440 et
261 3380 433 3443 Nicolaum
458 3379 581 3443 Odolas
605 3379 646 3442 ad
670 3379 811 3461 primum
834 3378 991 3460 judicium
1014 3390 1140 3460 recepta
1165 3375 1205 3438 ad
1229 3396 1353 3459 pacem.

313 3486 392 3550 Item
409 3505 504 3548 causa
528 3486 658 3548 Andree
675 3486 751 3548 dicti
770 3486 899 3568 Syb·est
915 3505 972 3567 per
993 3483 1257 3546 communitatem
1275 3483 1315 3545 ad
1331 3484 1473 3566 prImum

217 3588 364 3671 judicium
388 3592 596 3675 comparendi
621 3611 730 3654 coram
759 3591 853 3653 nobis
875 3603 1058 3674 prorogata.

313 3700 392 3762 Item
417 3699 579 3761 Iohannes
597 3699 695 3760 Pazar
712 3711 821 3759 contra
838 3697 1002 3759 Andream
1026 3697 1130 3757 taskar
1145 3695 1252 3778 primo
1269 3696 1383 3758 citatus
1407 3715 1474 3758 non

216 3806 396 3887 comparuit.

314 3910 393 3972 Item
418 3910 531 3973 Petrus
556 3909 660 3972 dictus
683 3909 819 3972 Machek
843 3922 953 3971 contra
983 3908 1170 3971 Ladislaum
1194 3907 1337 3970 secundo
1362 3908 1476 3971 citatus

215 4033 272 4077 non
295 4016 487 4099 comparuit.

312 4119 393 4184 Item
418 4121 601 4205 Stephanus
624 4120 717 4185 Cifus
741 4134 850 4184 contra
875 4121 1005 4183 Petrum
1021 4133 1177 4182 sartorem
1194 4119 1337 4182 secundo
1361 4121 1476 4183 citatus

215 4245 272 4289 non
297 4227 488 4310 comparuit.

312 4333 389 4396 Item
415 4333 561 4396 Andreas
584 4333 702 4416 jurabit
724 4333 830 4416 primo
846 4331 967 4414 judicio
992 4353 1025 4394 se
1051 4332 1167 4394 tercius
1190 4352 1286 4415 super
1310 4352 1359 4411 eo,
1384 4332 1474 4415 quod

214 4437 274 4521 ipse
298 4458 394 4502 suum
417 4441 535 4502 bovem
558 4440 739 4503 voluntarie
763 4459 822 4501 nec
850 4439 1046 4523 precogitata
1078 4439 1225 4521 nequicia
1250 4459 1316 4501 non
1340 4440 1472 4503 lesisset.

315 4546 393 4609 Item
418 4546 582 4609 Iohannes
599 4560 630 4608 et
651 4546 797 4607 Andreas
813 4546 951 4627 quilibet
968 4546 1111 4628 ipsorum
1128 4565 1160 4606 se
1183 4546 1300 4607 tercius
1323 4544 1474 4625 jurabunt

211 4671 377 4736 supereo,
401 4654 491 4737 quod
516 4654 575 4736 ipsi
600 4652 802 4736 Mychaelem
835 4653 1006 4715 domiuum
1038 4652 1182 4734 ipsorum
1214 4650 1391 4714 interficere
1415 4670 1472 4712 no·

211 4759 351 4825 luissent.
