<?xml version="1.0" encoding="UTF-8"?>
<!DOCTYPE html PUBLIC "-//W3C//DTD XHTML 1.0 Transitional//EN"
    "http://www.w3.org/TR/xhtml1/DTD/xhtml1-transitional.dtd">
<html xmlns="http://www.w3.org/1999/xhtml" xml:lang="en" lang="en">
 <head>
  <title>
</title>
<meta http-equiv="Content-Type" content="text/html;charset=utf-8" />
  <meta name='ocr-system' content='tesseract 3.04.00' />
  <meta name='ocr-capabilities' content='ocr_page ocr_carea ocr_par ocr_line ocrx_word'/>
</head>
<body>
  <div class='ocr_page' id='page_1' title='image "./monumentahistor04laszgoog/monumentahistor04laszgoog_0078.png"; bbox 0 0 3404 5362; ppageno 0'>
   <div class='ocr_carea' id='block_1_1' title="bbox 499 354 1342 436">
    <p class='ocr_par' dir='ltr' id='par_1_1' title="bbox 499 354 1342 436">
     <span class='ocr_line' id='line_1_1' title="bbox 499 354 1342 436; baseline 0.006 -25"><span class='ocrx_word' id='word_1_1' title='bbox 499 354 697 430; x_wconf 79' lang='lat' dir='ltr'><strong>Anno1375.</strong></span> <span class='ocrx_word' id='word_1_2' title='bbox 721 386 765 399; x_wconf 90' lang='lat'>-</span> <span class='ocrx_word' id='word_1_3' title='bbox 787 367 816 413; x_wconf 90' lang='lat'><strong>1.</strong></span> <span class='ocrx_word' id='word_1_4' title='bbox 832 354 925 429; x_wconf 78' lang='lat' dir='ltr'><strong>junii.</strong></span> <span class='ocrx_word' id='word_1_5' title='bbox 1299 373 1342 436; x_wconf 85' lang='lat'><strong>29</strong></span> 
     </span>
    </p>
   </div>
   <div class='ocr_carea' id='block_1_2' title="bbox 76 561 1341 965">
    <p class='ocr_par' dir='ltr' id='par_1_2' title="bbox 76 561 1341 751">
     <span class='ocr_line' id='line_1_2' title="bbox 179 561 1341 644; baseline 0 -20"><span class='ocrx_word' id='word_1_6' title='bbox 179 563 260 625; x_wconf 91' lang='lat' dir='ltr'><strong>ltem</strong></span> <span class='ocrx_word' id='word_1_7' title='bbox 295 563 447 644; x_wconf 84' lang='lat' dir='ltr'><strong>magister</strong></span> <span class='ocrx_word' id='word_1_8' title='bbox 482 561 608 624; x_wconf 90' lang='lat' dir='ltr'><strong>Berend</strong></span> <span class='ocrx_word' id='word_1_9' title='bbox 644 576 756 624; x_wconf 90' lang='lat' dir='ltr'><strong>contra</strong></span> <span class='ocrx_word' id='word_1_10' title='bbox 789 562 917 623; x_wconf 90' lang='lat' dir='ltr'><strong>Kunam</strong></span> <span class='ocrx_word' id='word_1_11' title='bbox 953 562 1095 623; x_wconf 90' lang='lat' dir='ltr'><strong>secundo</strong></span> <span class='ocrx_word' id='word_1_12' title='bbox 1131 563 1245 625; x_wconf 89' lang='lat' dir='ltr'><strong>citatus</strong></span> <span class='ocrx_word' id='word_1_13' title='bbox 1277 583 1341 624; x_wconf 92' lang='lat' dir='ltr'><strong>non</strong></span> 
     </span>
     <span class='ocr_line' id='line_1_3' title="bbox 76 670 267 751; baseline 0 -21"><span class='ocrx_word' id='word_1_14' title='bbox 76 670 267 751; x_wconf 81' lang='lat' dir='ltr'><strong>comparuit.</strong></span> 
     </span>
    </p>

    <p class='ocr_par' dir='ltr' id='par_1_3' title="bbox 76 773 1341 965">
     <span class='ocr_line' id='line_1_4' title="bbox 179 773 1341 857; baseline 0.001 -21"><span class='ocrx_word' id='word_1_15' title='bbox 179 775 260 838; x_wconf 85' lang='lat' dir='ltr'>Item</span> <span class='ocrx_word' id='word_1_16' title='bbox 291 773 368 836; x_wconf 83' lang='lat' dir='ltr'><strong>feria</strong></span> <span class='ocrx_word' id='word_1_17' title='bbox 399 786 487 836; x_wconf 84' lang='lat' dir='ltr'><strong>sexta</strong></span> <span class='ocrx_word' id='word_1_18' title='bbox 519 773 670 857; x_wconf 91' lang='lat' dir='ltr'><strong>Chiplich</strong></span> <span class='ocrx_word' id='word_1_19' title='bbox 702 788 812 836; x_wconf 89' lang='lat' dir='ltr'><strong>contra</strong></span> <span class='ocrx_word' id='word_1_20' title='bbox 846 773 953 835; x_wconf 83' lang='lat' dir='ltr'><strong>Lachlr</strong></span> <span class='ocrx_word' id='word_1_21' title='bbox 983 773 1086 835; x_wconf 90' lang='lat' dir='ltr'><strong>filium</strong></span> <span class='ocrx_word' id='word_1_22' title='bbox 1119 775 1262 836; x_wconf 90' lang='lat' dir='ltr'><strong>Teubini</strong></span> <span class='ocrx_word' id='word_1_23' title='bbox 1294 795 1341 837; x_wconf 91' lang='lat' dir='ltr'><strong>re-</strong></span> 
     </span>
     <span class='ocr_line' id='line_1_5' title="bbox 76 880 257 965; baseline 0.006 -22"><span class='ocrx_word' id='word_1_24' title='bbox 76 880 257 965; x_wconf 87' lang='lat' dir='ltr'><strong>spondebit.</strong></span> 
     </span>
    </p>
   </div>
   <div class='ocr_carea' id='block_1_3' title="bbox 77 1002 1342 1300">
    <p class='ocr_par' dir='ltr' id='par_1_4' title="bbox 77 1002 1342 1300">
     <span class='ocr_line' id='line_1_6' title="bbox 180 1002 1342 1086; baseline -0.002 -18"><span class='ocrx_word' id='word_1_25' title='bbox 180 1006 261 1068; x_wconf 89' lang='lat' dir='ltr'><strong>ltem</strong></span> <span class='ocrx_word' id='word_1_26' title='bbox 284 1004 469 1067; x_wconf 83' lang='lat' dir='ltr'><strong>Anthoniua</strong></span> <span class='ocrx_word' id='word_1_27' title='bbox 492 1003 631 1066; x_wconf 90' lang='lat' dir='ltr'><strong>Zitarich</strong></span> <span class='ocrx_word' id='word_1_28' title='bbox 656 1019 765 1066; x_wconf 89' lang='lat' dir='ltr'><strong>contra</strong></span> <span class='ocrx_word' id='word_1_29' title='bbox 782 1003 891 1066; x_wconf 83' lang='lat' dir='ltr'>Mathe</span> <span class='ocrx_word' id='word_1_30' title='bbox 915 1002 1114 1086; x_wconf 71' lang='lat' dir='ltr'>aurifabrum</span> <span class='ocrx_word' id='word_1_31' title='bbox 1140 1005 1283 1067; x_wconf 87' lang='lat' dir='ltr'><strong>secundo</strong></span> <span class='ocrx_word' id='word_1_32' title='bbox 1300 1005 1342 1067; x_wconf 90' lang='lat' dir='ltr'><strong>ci·</strong></span> 
     </span>
     <span class='ocr_line' id='line_1_7' title="bbox 77 1111 463 1194; baseline -0.005 -20"><span class='ocrx_word' id='word_1_33' title='bbox 77 1126 160 1175; x_wconf 90' lang='lat' dir='ltr'><strong>tatus</strong></span> <span class='ocrx_word' id='word_1_34' title='bbox 182 1131 247 1174; x_wconf 91' lang='lat' dir='ltr'><strong>non</strong></span> <span class='ocrx_word' id='word_1_35' title='bbox 272 1111 463 1194; x_wconf 78' lang='lat' dir='ltr'><strong>comparuit.</strong></span> 
     </span>
     <span class='ocr_line' id='line_1_8' title="bbox 181 1216 1294 1300; baseline 0.002 -21"><span class='ocrx_word' id='word_1_36' title='bbox 181 1218 261 1280; x_wconf 90' lang='lat' dir='ltr'><strong>ltem</strong></span> <span class='ocrx_word' id='word_1_37' title='bbox 287 1216 371 1300; x_wconf 89' lang='lat' dir='ltr'><strong>lglar</strong></span> <span class='ocrx_word' id='word_1_38' title='bbox 394 1231 505 1280; x_wconf 89' lang='lat' dir='ltr'><strong>contra</strong></span> <span class='ocrx_word' id='word_1_39' title='bbox 530 1216 725 1298; x_wconf 87' lang='lat' dir='ltr'><strong>Gregorium</strong></span> <span class='ocrx_word' id='word_1_40' title='bbox 749 1218 857 1300; x_wconf 89' lang='lat' dir='ltr'><strong>primo</strong></span> <span class='ocrx_word' id='word_1_41' title='bbox 881 1218 994 1280; x_wconf 87' lang='lat' dir='ltr'><strong>citatus</strong></span> <span class='ocrx_word' id='word_1_42' title='bbox 1016 1239 1081 1280; x_wconf 93' lang='lat' dir='ltr'><strong>non</strong></span> <span class='ocrx_word' id='word_1_43' title='bbox 1106 1219 1294 1300; x_wconf 85' lang='lat' dir='ltr'>comparuit.</span> 
     </span>
    </p>
   </div>
   <div class='ocr_carea' id='block_1_4' title="bbox 79 1341 1343 2062">
    <p class='ocr_par' dir='ltr' id='par_1_5' title="bbox 181 1341 1299 1425">
     <span class='ocr_line' id='line_1_9' title="bbox 181 1341 1299 1425; baseline 0.001 -21"><span class='ocrx_word' id='word_1_44' title='bbox 181 1343 259 1404; x_wconf 91' lang='lat' dir='ltr'><strong>ltem</strong></span> <span class='ocrx_word' id='word_1_45' title='bbox 285 1342 403 1404; x_wconf 88' lang='lat' dir='ltr'><strong>Batista</strong></span> <span class='ocrx_word' id='word_1_46' title='bbox 428 1354 537 1403; x_wconf 89' lang='lat' dir='ltr'><strong>contra</strong></span> <span class='ocrx_word' id='word_1_47' title='bbox 561 1341 738 1404; x_wconf 85' lang='lat' dir='ltr'><strong>Parlerium</strong></span> <span class='ocrx_word' id='word_1_48' title='bbox 755 1342 860 1424; x_wconf 90' lang='lat' dir='ltr'><strong>primo</strong></span> <span class='ocrx_word' id='word_1_49' title='bbox 883 1342 997 1404; x_wconf 89' lang='lat' dir='ltr'><strong>citatus</strong></span> <span class='ocrx_word' id='word_1_50' title='bbox 1020 1362 1085 1403; x_wconf 90' lang='lat' dir='ltr'><strong>non</strong></span> <span class='ocrx_word' id='word_1_51' title='bbox 1110 1343 1299 1425; x_wconf 81' lang='lat' dir='ltr'><strong>comparuit.</strong></span> 
     </span>
    </p>

    <p class='ocr_par' dir='ltr' id='par_1_6' title="bbox 80 1446 1343 1635">
     <span class='ocr_line' id='line_1_10' title="bbox 178 1446 1343 1531; baseline -0.002 -21"><span class='ocrx_word' id='word_1_52' title='bbox 178 1449 258 1510; x_wconf 85' lang='lat' dir='ltr'><strong>Item</strong></span> <span class='ocrx_word' id='word_1_53' title='bbox 283 1449 359 1510; x_wconf 91' lang='lat' dir='ltr'><strong>luan</strong></span> <span class='ocrx_word' id='word_1_54' title='bbox 384 1462 495 1510; x_wconf 87' lang='lat' dir='ltr'><strong>contra</strong></span> <span class='ocrx_word' id='word_1_55' title='bbox 520 1448 745 1510; x_wconf 81' lang='lat' dir='ltr'><strong>Sebesrianum</strong></span> <span class='ocrx_word' id='word_1_56' title='bbox 773 1446 911 1509; x_wconf 91' lang='lat' dir='ltr'><strong>condam</strong></span> <span class='ocrx_word' id='word_1_57' title='bbox 933 1447 1073 1527; x_wconf 89' lang='lat' dir='ltr'><strong>judicem</strong></span> <span class='ocrx_word' id='word_1_58' title='bbox 1098 1449 1202 1531; x_wconf 89' lang='lat' dir='ltr'><strong>primo</strong></span> <span class='ocrx_word' id='word_1_59' title='bbox 1229 1449 1343 1510; x_wconf 88' lang='lat' dir='ltr'><strong>citatus</strong></span> 
     </span>
     <span class='ocr_line' id='line_1_11' title="bbox 80 1555 356 1635; baseline -0.014 -20"><span class='ocrx_word' id='word_1_60' title='bbox 80 1574 143 1617; x_wconf 89' lang='lat' dir='ltr'><strong>aon</strong></span> <span class='ocrx_word' id='word_1_61' title='bbox 167 1555 356 1635; x_wconf 83' lang='lat' dir='ltr'><strong>comparuit.</strong></span> 
     </span>
    </p>

    <p class='ocr_par' dir='ltr' id='par_1_7' title="bbox 81 1659 1341 1848">
     <span class='ocr_line' id='line_1_12' title="bbox 180 1659 1341 1742; baseline 0 -21"><span class='ocrx_word' id='word_1_62' title='bbox 180 1659 260 1722; x_wconf 88' lang='lat' dir='ltr'><strong>ltem</strong></span> <span class='ocrx_word' id='word_1_63' title='bbox 277 1660 386 1723; x_wconf 85' lang='lat' dir='ltr'><strong>Mathe</strong></span> <span class='ocrx_word' id='word_1_64' title='bbox 402 1673 492 1722; x_wconf 87' lang='lat' dir='ltr'><strong>sutor</strong></span> <span class='ocrx_word' id='word_1_65' title='bbox 508 1661 655 1722; x_wconf 83' lang='lat' dir='ltr'><strong>Kuslroni</strong></span> <span class='ocrx_word' id='word_1_66' title='bbox 681 1661 713 1722; x_wconf 89' lang='lat' dir='ltr'><strong>in</strong></span> <span class='ocrx_word' id='word_1_67' title='bbox 730 1659 903 1742; x_wconf 85' lang='lat' dir='ltr'><strong>quindenis</strong></span> <span class='ocrx_word' id='word_1_68' title='bbox 919 1674 982 1722; x_wconf 89' lang='lat' dir='ltr'><strong>tres</strong></span> <span class='ocrx_word' id='word_1_69' title='bbox 1000 1674 1030 1721; x_wconf 88' lang='lat' dir='ltr'><strong>et</strong></span> <span class='ocrx_word' id='word_1_70' title='bbox 1047 1660 1187 1721; x_wconf 88' lang='lat' dir='ltr'><strong>mediam</strong></span> <span class='ocrx_word' id='word_1_71' title='bbox 1210 1680 1341 1742; x_wconf 84' lang='lat' dir='ltr'><strong>pensam</strong></span> 
     </span>
     <span class='ocr_line' id='line_1_13' title="bbox 81 1766 395 1848; baseline 0.003 -20"><span class='ocrx_word' id='word_1_72' title='bbox 81 1766 261 1848; x_wconf 83' lang='lat' dir='ltr'><strong>persolvere</strong></span> <span class='ocrx_word' id='word_1_73' title='bbox 289 1767 395 1829; x_wconf 89' lang='lat' dir='ltr'><strong>debet.</strong></span> 
     </span>
    </p>

    <p class='ocr_par' dir='ltr' id='par_1_8' title="bbox 79 1871 1340 2062">
     <span class='ocr_line' id='line_1_14' title="bbox 181 1871 1340 1953; baseline 0 -18"><span class='ocrx_word' id='word_1_74' title='bbox 181 1872 259 1935; x_wconf 91' lang='lat' dir='ltr'><strong>ltem</strong></span> <span class='ocrx_word' id='word_1_75' title='bbox 285 1886 399 1935; x_wconf 91' lang='lat' dir='ltr'><strong>octavo</strong></span> <span class='ocrx_word' id='word_1_76' title='bbox 416 1871 468 1935; x_wconf 90' lang='lat' dir='ltr'><strong>die</strong></span> <span class='ocrx_word' id='word_1_77' title='bbox 486 1871 658 1936; x_wconf 87' lang='lat' dir='ltr'><strong>Chuethko</strong></span> <span class='ocrx_word' id='word_1_78' title='bbox 683 1893 715 1933; x_wconf 92' lang='lat' dir='ltr'><strong>se</strong></span> <span class='ocrx_word' id='word_1_79' title='bbox 736 1873 852 1934; x_wconf 88' lang='lat' dir='ltr'><strong>tercius</strong></span> <span class='ocrx_word' id='word_1_80' title='bbox 867 1871 985 1953; x_wconf 90' lang='lat' dir='ltr'><strong>jurabit</strong></span> <span class='ocrx_word' id='word_1_81' title='bbox 1001 1885 1110 1934; x_wconf 89' lang='lat' dir='ltr'><strong>contra</strong></span> <span class='ocrx_word' id='word_1_82' title='bbox 1136 1871 1340 1935; x_wconf 83' lang='lat' dir='ltr'><strong>Clementem</strong></span> 
     </span>
     <span class='ocr_line' id='line_1_15' title="bbox 79 1977 551 2062; baseline 0 -21"><span class='ocrx_word' id='word_1_83' title='bbox 79 1992 206 2062; x_wconf 87' lang='lat' dir='ltr'><strong>propter</strong></span> <span class='ocrx_word' id='word_1_84' title='bbox 228 1977 394 2060; x_wconf 85' lang='lat' dir='ltr'><strong>quoddam</strong></span> <span class='ocrx_word' id='word_1_85' title='bbox 420 1977 551 2041; x_wconf 82' lang='lat' dir='ltr'><strong>lurtum.</strong></span> 
     </span>
    </p>
   </div>
   <div class='ocr_carea' id='block_1_5' title="bbox 78 2100 1342 2714">
    <p class='ocr_par' dir='ltr' id='par_1_9' title="bbox 78 2100 1342 2376">
     <span class='ocr_line' id='line_1_16' title="bbox 182 2100 1339 2183; baseline 0 -19"><span class='ocrx_word' id='word_1_86' title='bbox 182 2103 261 2164; x_wconf 86' lang='lat' dir='ltr'><strong>ltem</strong></span> <span class='ocrx_word' id='word_1_87' title='bbox 284 2102 370 2163; x_wconf 88' lang='lat' dir='ltr'><strong>idern</strong></span> <span class='ocrx_word' id='word_1_88' title='bbox 395 2100 548 2164; x_wconf 83' lang='lat' dir='ltr'><strong>Clemens</strong></span> <span class='ocrx_word' id='word_1_89' title='bbox 572 2114 681 2163; x_wconf 90' lang='lat' dir='ltr'><strong>contra</strong></span> <span class='ocrx_word' id='word_1_90' title='bbox 711 2101 849 2164; x_wconf 90' lang='lat' dir='ltr'><strong>eundem</strong></span> <span class='ocrx_word' id='word_1_91' title='bbox 883 2101 1133 2165; x_wconf 91' lang='lat' dir='ltr'><strong>Chuethkonem</strong></span> <span class='ocrx_word' id='word_1_92' title='bbox 1157 2122 1214 2183; x_wconf 90' lang='lat' dir='ltr'><strong>per</strong></span> <span class='ocrx_word' id='word_1_93' title='bbox 1238 2101 1339 2164; x_wconf 93' lang='lat' dir='ltr'><strong>Geor-</strong></span> 
     </span>
     <span class='ocr_line' id='line_1_17' title="bbox 78 2206 1342 2290; baseline -0.002 -20"><span class='ocrx_word' id='word_1_94' title='bbox 78 2208 164 2290; x_wconf 85' lang='lat' dir='ltr'><strong>gium</strong></span> <span class='ocrx_word' id='word_1_95' title='bbox 190 2207 329 2288; x_wconf 79' lang='lat' dir='ltr'><strong>iuratum</strong></span> <span class='ocrx_word' id='word_1_96' title='bbox 361 2220 392 2269; x_wconf 94' lang='lat' dir='ltr'><strong>et</strong></span> <span class='ocrx_word' id='word_1_97' title='bbox 416 2206 525 2269; x_wconf 88' lang='lat' dir='ltr'><strong>Mathe</strong></span> <span class='ocrx_word' id='word_1_98' title='bbox 553 2207 710 2286; x_wconf 89' lang='lat' dir='ltr'><strong>atestabit,</strong></span> <span class='ocrx_word' id='word_1_99' title='bbox 735 2208 823 2289; x_wconf 94' lang='lat' dir='ltr'><strong>quod</strong></span> <span class='ocrx_word' id='word_1_100' title='bbox 859 2208 964 2289; x_wconf 91' lang='lat' dir='ltr'><strong>ipsum</strong></span> <span class='ocrx_word' id='word_1_101' title='bbox 1002 2207 1106 2269; x_wconf 83' lang='lat' dir='ltr'><strong>verbis</strong></span> <span class='ocrx_word' id='word_1_102' title='bbox 1139 2208 1342 2289; x_wconf 87' lang='lat' dir='ltr'><strong>vituperiosia</strong></span> 
     </span>
     <span class='ocr_line' id='line_1_18' title="bbox 80 2312 242 2376; baseline 0.006 -1"><span class='ocrx_word' id='word_1_103' title='bbox 80 2312 242 2376; x_wconf 84' lang='lat' dir='ltr'><strong>affecisset.</strong></span> 
     </span>
    </p>

    <p class='ocr_par' dir='ltr' id='par_1_10' title="bbox 80 2418 1341 2609">
     <span class='ocr_line' id='line_1_19' title="bbox 181 2418 1341 2502; baseline 0 -20"><span class='ocrx_word' id='word_1_104' title='bbox 181 2420 260 2483; x_wconf 92' lang='lat' dir='ltr'><strong>ltem</strong></span> <span class='ocrx_word' id='word_1_105' title='bbox 278 2418 404 2502; x_wconf 89' lang='lat' dir='ltr'><strong>Cupich</strong></span> <span class='ocrx_word' id='word_1_106' title='bbox 429 2433 460 2482; x_wconf 94' lang='lat' dir='ltr'><strong>et</strong></span> <span class='ocrx_word' id='word_1_107' title='bbox 478 2420 606 2481; x_wconf 88' lang='lat' dir='ltr'><strong>Marlrus</strong></span> <span class='ocrx_word' id='word_1_108' title='bbox 622 2419 754 2481; x_wconf 84' lang='lat' dir='ltr'><strong>Perhich</strong></span> <span class='ocrx_word' id='word_1_109' title='bbox 770 2432 880 2482; x_wconf 92' lang='lat' dir='ltr'><strong>contra</strong></span> <span class='ocrx_word' id='word_1_110' title='bbox 898 2420 1091 2502; x_wconf 91' lang='lat' dir='ltr'><strong>Gregorium</strong></span> <span class='ocrx_word' id='word_1_111' title='bbox 1109 2439 1219 2482; x_wconf 90' lang='lat' dir='ltr'><strong>voscar</strong></span> <span class='ocrx_word' id='word_1_112' title='bbox 1236 2421 1341 2501; x_wconf 91' lang='lat' dir='ltr'><strong>primo</strong></span> 
     </span>
     <span class='ocr_line' id='line_1_20' title="bbox 80 2526 960 2609; baseline 0 -21"><span class='ocrx_word' id='word_1_113' title='bbox 80 2527 161 2589; x_wconf 89' lang='lat' dir='ltr'><strong>citati</strong></span> <span class='ocrx_word' id='word_1_114' title='bbox 187 2547 253 2589; x_wconf 91' lang='lat' dir='ltr'><strong>non</strong></span> <span class='ocrx_word' id='word_1_115' title='bbox 277 2541 537 2609; x_wconf 90' lang='lat' dir='ltr'><strong>comparuerunt.</strong></span> <span class='ocrx_word' id='word_1_116' title='bbox 959 2526 960 2530; x_wconf 71' lang='grc'>’</span> 
     </span>
    </p>

    <p class='ocr_par' dir='ltr' id='par_1_11' title="bbox 182 2630 1342 2714">
     <span class='ocr_line' id='line_1_21' title="bbox 182 2630 1342 2714; baseline -0.001 -21"><span class='ocrx_word' id='word_1_117' title='bbox 182 2632 261 2695; x_wconf 89' lang='lat' dir='ltr'><strong>ltem</strong></span> <span class='ocrx_word' id='word_1_118' title='bbox 287 2633 442 2695; x_wconf 87' lang='lat' dir='ltr'><strong>Martinus</strong></span> <span class='ocrx_word' id='word_1_119' title='bbox 462 2632 632 2714; x_wconf 91' lang='lat' dir='ltr'><strong>Zequirich</strong></span> <span class='ocrx_word' id='word_1_120' title='bbox 649 2644 764 2694; x_wconf 92' lang='lat' dir='ltr'><strong>octavo</strong></span> <span class='ocrx_word' id='word_1_121' title='bbox 789 2630 841 2692; x_wconf 92' lang='lat' dir='ltr'><strong>die</strong></span> <span class='ocrx_word' id='word_1_122' title='bbox 858 2645 967 2693; x_wconf 89' lang='lat' dir='ltr'><strong>contra</strong></span> <span class='ocrx_word' id='word_1_123' title='bbox 986 2632 1186 2714; x_wconf 87' lang='lat' dir='ltr'><strong>Stephanum</strong></span> <span class='ocrx_word' id='word_1_124' title='bbox 1212 2631 1342 2711; x_wconf 87' lang='lat' dir='ltr'><strong>jurabit,</strong></span> 
     </span>
    </p>
   </div>
   <div class='ocr_carea' id='block_1_6' title="bbox 80 2754 1343 3580">
    <p class='ocr_par' dir='ltr' id='par_1_12' title="bbox 80 2754 1060 2839">
     <span class='ocr_line' id='line_1_22' title="bbox 80 2754 1060 2839; baseline 0 -21"><span class='ocrx_word' id='word_1_125' title='bbox 80 2756 164 2839; x_wconf 92' lang='lat' dir='ltr'><strong>quod</strong></span> <span class='ocrx_word' id='word_1_126' title='bbox 188 2776 283 2819; x_wconf 91' lang='lat' dir='ltr'><strong>suum</strong></span> <span class='ocrx_word' id='word_1_127' title='bbox 306 2756 441 2819; x_wconf 92' lang='lat' dir='ltr'><strong>anulum</strong></span> <span class='ocrx_word' id='word_1_128' title='bbox 465 2756 600 2818; x_wconf 91' lang='lat' dir='ltr'><strong>nesciret</strong></span> <span class='ocrx_word' id='word_1_129' title='bbox 624 2774 730 2837; x_wconf 89' lang='lat' dir='ltr'><strong>neque</strong></span> <span class='ocrx_word' id='word_1_130' title='bbox 759 2755 864 2836; x_wconf 89' lang='lat' dir='ltr'><strong>ipsum</strong></span> <span class='ocrx_word' id='word_1_131' title='bbox 889 2754 1060 2818; x_wconf 85' lang='lat' dir='ltr'><strong>habuisset.</strong></span> 
     </span>
    </p>

    <p class='ocr_par' dir='ltr' id='par_1_13' title="bbox 82 2861 1340 3050">
     <span class='ocr_line' id='line_1_23' title="bbox 182 2861 1340 2944; baseline 0 -21"><span class='ocrx_word' id='word_1_132' title='bbox 182 2861 260 2923; x_wconf 90' lang='lat' dir='ltr'><strong>ltem</strong></span> <span class='ocrx_word' id='word_1_133' title='bbox 286 2862 394 2924; x_wconf 90' lang='lat' dir='ltr'><strong>Mathe</strong></span> <span class='ocrx_word' id='word_1_134' title='bbox 419 2875 528 2924; x_wconf 93' lang='lat' dir='ltr'><strong>contra</strong></span> <span class='ocrx_word' id='word_1_135' title='bbox 546 2861 761 2923; x_wconf 90' lang='lat' dir='ltr'><strong>Laurencium</strong></span> <span class='ocrx_word' id='word_1_136' title='bbox 785 2861 984 2923; x_wconf 86' lang='lat' dir='ltr'><strong>sacerdotem</strong></span> <span class='ocrx_word' id='word_1_137' title='bbox 1008 2862 1112 2944; x_wconf 90' lang='lat' dir='ltr'><strong>primo</strong></span> <span class='ocrx_word' id='word_1_138' title='bbox 1138 2863 1251 2924; x_wconf 91' lang='lat' dir='ltr'><strong>citatus</strong></span> <span class='ocrx_word' id='word_1_139' title='bbox 1276 2882 1340 2923; x_wconf 90' lang='lat' dir='ltr'><strong>non</strong></span> 
     </span>
     <span class='ocr_line' id='line_1_24' title="bbox 82 2965 269 3050; baseline 0 -21"><span class='ocrx_word' id='word_1_140' title='bbox 82 2965 269 3050; x_wconf 86' lang='lat' dir='ltr'><strong>comparuit.</strong></span> 
     </span>
    </p>

    <p class='ocr_par' dir='ltr' id='par_1_14' title="bbox 82 3071 1343 3580">
     <span class='ocr_line' id='line_1_25' title="bbox 181 3071 1341 3156; baseline -0.001 -22"><span class='ocrx_word' id='word_1_141' title='bbox 181 3073 261 3136; x_wconf 86' lang='lat' dir='ltr'><strong>ltem</strong></span> <span class='ocrx_word' id='word_1_142' title='bbox 285 3072 543 3154; x_wconf 88' lang='lat' dir='ltr'><strong>adjudicavimus</strong></span> <span class='ocrx_word' id='word_1_143' title='bbox 566 3088 597 3136; x_wconf 89' lang='lat' dir='ltr'><strong>et</strong></span> <span class='ocrx_word' id='word_1_144' title='bbox 620 3073 789 3136; x_wconf 84' lang='lat' dir='ltr'><strong>statuimus</strong></span> <span class='ocrx_word' id='word_1_145' title='bbox 808 3071 970 3156; x_wconf 90' lang='lat' dir='ltr'><strong>quandam</strong></span> <span class='ocrx_word' id='word_1_146' title='bbox 1003 3074 1142 3151; x_wconf 89' lang='lat' dir='ltr'><strong>vineam,</strong></span> <span class='ocrx_word' id='word_1_147' title='bbox 1166 3074 1255 3156; x_wconf 89' lang='lat' dir='ltr'><strong>olym</strong></span> <span class='ocrx_word' id='word_1_148' title='bbox 1279 3074 1341 3134; x_wconf 91' lang='lat' dir='ltr'><strong>Ne-</strong></span> 
     </span>
     <span class='ocr_line' id='line_1_26' title="bbox 82 3178 1343 3261; baseline -0.002 -20"><span class='ocrx_word' id='word_1_149' title='bbox 82 3178 170 3242; x_wconf 83' lang='lat' dir='ltr'><strong>thetii</strong></span> <span class='ocrx_word' id='word_1_150' title='bbox 196 3179 362 3259; x_wconf 74' lang='lat' dir='ltr'><strong>iohannis,</strong></span> <span class='ocrx_word' id='word_1_151' title='bbox 394 3179 528 3241; x_wconf 86' lang='lat' dir='ltr'><strong>ecclesie</strong></span> <span class='ocrx_word' id='word_1_152' title='bbox 560 3180 660 3242; x_wconf 85' lang='lat' dir='ltr'><strong>sancti</strong></span> <span class='ocrx_word' id='word_1_153' title='bbox 683 3179 809 3241; x_wconf 91' lang='lat' dir='ltr'><strong>Nicolai</strong></span> <span class='ocrx_word' id='word_1_154' title='bbox 841 3178 1033 3241; x_wconf 84' lang='lat' dir='ltr'><strong>confessoris</strong></span> <span class='ocrx_word' id='word_1_155' title='bbox 1064 3191 1220 3261; x_wconf 86' lang='lat' dir='ltr'><strong>perpetuo</strong></span> <span class='ocrx_word' id='word_1_156' title='bbox 1243 3179 1343 3260; x_wconf 87' lang='lat' dir='ltr'><strong>possi·</strong></span> 
     </span>
     <span class='ocr_line' id='line_1_27' title="bbox 83 3285 1341 3367; baseline -0.001 -21"><span class='ocrx_word' id='word_1_157' title='bbox 83 3285 236 3362; x_wconf 89' lang='lat' dir='ltr'><strong>dendam;</strong></span> <span class='ocrx_word' id='word_1_158' title='bbox 260 3286 388 3347; x_wconf 89' lang='lat' dir='ltr'><strong>labores</strong></span> <span class='ocrx_word' id='word_1_159' title='bbox 411 3298 519 3349; x_wconf 89' lang='lat' dir='ltr'><strong>autem</strong></span> <span class='ocrx_word' id='word_1_160' title='bbox 544 3305 626 3367; x_wconf 91' lang='lat' dir='ltr'><strong>quos</strong></span> <span class='ocrx_word' id='word_1_161' title='bbox 649 3285 803 3347; x_wconf 92' lang='lat' dir='ltr'><strong>Nicolaus</strong></span> <span class='ocrx_word' id='word_1_162' title='bbox 834 3285 919 3348; x_wconf 91' lang='lat' dir='ltr'><strong>filius</strong></span> <span class='ocrx_word' id='word_1_163' title='bbox 944 3286 1067 3347; x_wconf 91' lang='lat' dir='ltr'><strong>Nicolai</strong></span> <span class='ocrx_word' id='word_1_164' title='bbox 1093 3286 1150 3347; x_wconf 86' lang='lat' dir='ltr'><strong>filii</strong></span> <span class='ocrx_word' id='word_1_165' title='bbox 1177 3285 1341 3347; x_wconf 88' lang='lat' dir='ltr'><strong>Benedicti</strong></span> 
     </span>
     <span class='ocr_line' id='line_1_28' title="bbox 84 3389 1341 3474; baseline 0 -23"><span class='ocrx_word' id='word_1_166' title='bbox 84 3391 112 3453; x_wconf 91' lang='lat' dir='ltr'><strong>in</strong></span> <span class='ocrx_word' id='word_1_167' title='bbox 134 3391 201 3474; x_wconf 84' lang='lat' dir='ltr'><strong>ipsa</strong></span> <span class='ocrx_word' id='word_1_168' title='bbox 226 3389 362 3470; x_wconf 86' lang='lat' dir='ltr'><strong>fecisset,</strong></span> <span class='ocrx_word' id='word_1_169' title='bbox 387 3391 448 3472; x_wconf 90' lang='lat' dir='ltr'><strong>ipsi</strong></span> <span class='ocrx_word' id='word_1_170' title='bbox 476 3389 588 3452; x_wconf 83' lang='lat' dir='ltr'><strong>fratres</strong></span> <span class='ocrx_word' id='word_1_171' title='bbox 620 3390 696 3452; x_wconf 91' lang='lat' dir='ltr'><strong>dicti</strong></span> <span class='ocrx_word' id='word_1_172' title='bbox 725 3391 852 3452; x_wconf 90' lang='lat' dir='ltr'><strong>claustri</strong></span> <span class='ocrx_word' id='word_1_173' title='bbox 878 3392 964 3453; x_wconf 86' lang='lat' dir='ltr'><strong>iuxta</strong></span> <span class='ocrx_word' id='word_1_174' title='bbox 996 3392 1237 3453; x_wconf 89' lang='lat' dir='ltr'><strong>estimacionem</strong></span> <span class='ocrx_word' id='word_1_175' title='bbox 1270 3410 1341 3473; x_wconf 91' lang='lat' dir='ltr'><strong>pro·</strong></span> 
     </span>
     <span class='ocr_line' id='line_1_29' title="bbox 84 3496 579 3580; baseline 0 -21"><span class='ocrx_word' id='word_1_176' title='bbox 84 3496 192 3560; x_wconf 90' lang='lat' dir='ltr'><strong>borum</strong></span> <span class='ocrx_word' id='word_1_177' title='bbox 215 3497 360 3560; x_wconf 92' lang='lat' dir='ltr'><strong>virorum</strong></span> <span class='ocrx_word' id='word_1_178' title='bbox 385 3496 579 3580; x_wconf 87' lang='lat' dir='ltr'><strong>persolvent.</strong></span> 
     </span>
    </p>
   </div>
   <div class='ocr_carea' id='block_1_7' title="bbox 85 3619 1343 4450">
    <p class='ocr_par' dir='ltr' id='par_1_15' title="bbox 85 3619 1341 3914">
     <span class='ocr_line' id='line_1_30' title="bbox 182 3619 1340 3703; baseline -0.001 -19"><span class='ocrx_word' id='word_1_179' title='bbox 182 3623 261 3684; x_wconf 85' lang='lat' dir='ltr'><strong>ltem</strong></span> <span class='ocrx_word' id='word_1_180' title='bbox 284 3621 431 3683; x_wconf 88' lang='lat' dir='ltr'><strong>Donatus</strong></span> <span class='ocrx_word' id='word_1_181' title='bbox 454 3619 533 3682; x_wconf 81' lang='lat' dir='ltr'><strong>feria</strong></span> <span class='ocrx_word' id='word_1_182' title='bbox 557 3634 644 3682; x_wconf 81' lang='lat' dir='ltr'><strong>sexta</strong></span> <span class='ocrx_word' id='word_1_183' title='bbox 668 3636 779 3683; x_wconf 91' lang='lat' dir='ltr'><strong>contra</strong></span> <span class='ocrx_word' id='word_1_184' title='bbox 803 3622 893 3683; x_wconf 89' lang='lat' dir='ltr'><strong>Mark</strong></span> <span class='ocrx_word' id='word_1_185' title='bbox 916 3642 974 3703; x_wconf 91' lang='lat' dir='ltr'><strong>per</strong></span> <span class='ocrx_word' id='word_1_186' title='bbox 998 3621 1177 3703; x_wconf 86' lang='lat' dir='ltr'><strong>Georgium</strong></span> <span class='ocrx_word' id='word_1_187' title='bbox 1201 3620 1340 3701; x_wconf 82' lang='lat' dir='ltr'><strong>juratum</strong></span> 
     </span>
     <span class='ocr_line' id='line_1_31' title="bbox 85 3726 1341 3811; baseline 0 -23"><span class='ocrx_word' id='word_1_188' title='bbox 85 3741 111 3790; x_wconf 89' lang='lat' dir='ltr'><strong>et</strong></span> <span class='ocrx_word' id='word_1_189' title='bbox 132 3728 284 3791; x_wconf 89' lang='lat' dir='ltr'><strong>Cosmam</strong></span> <span class='ocrx_word' id='word_1_190' title='bbox 310 3726 507 3789; x_wconf 74' lang='lat' dir='ltr'><strong>aurifabrum</strong></span> <span class='ocrx_word' id='word_1_191' title='bbox 532 3727 689 3806; x_wconf 89' lang='lat' dir='ltr'><strong>atestabit,</strong></span> <span class='ocrx_word' id='word_1_192' title='bbox 707 3728 795 3809; x_wconf 91' lang='lat' dir='ltr'><strong>quod</strong></span> <span class='ocrx_word' id='word_1_193' title='bbox 819 3728 878 3789; x_wconf 92' lang='lat' dir='ltr'><strong>sibi</strong></span> <span class='ocrx_word' id='word_1_194' title='bbox 905 3728 1042 3811; x_wconf 86' lang='lat' dir='ltr'><strong>Mykech</strong></span> <span class='ocrx_word' id='word_1_195' title='bbox 1060 3728 1177 3808; x_wconf 91' lang='lat' dir='ltr'><strong>Magde</strong></span> <span class='ocrx_word' id='word_1_196' title='bbox 1200 3728 1341 3790; x_wconf 91' lang='lat' dir='ltr'><strong>totaliter</strong></span> 
     </span>
     <span class='ocr_line' id='line_1_32' title="bbox 86 3832 1040 3914; baseline 0.003 -19"><span class='ocrx_word' id='word_1_197' title='bbox 86 3834 281 3914; x_wconf 83' lang='lat' dir='ltr'><strong>persolvisset</strong></span> <span class='ocrx_word' id='word_1_198' title='bbox 303 3853 393 3895; x_wconf 87' lang='lat' dir='ltr'><strong>suam</strong></span> <span class='ocrx_word' id='word_1_199' title='bbox 418 3832 611 3913; x_wconf 87' lang='lat' dir='ltr'><strong>mercedem,</strong></span> <span class='ocrx_word' id='word_1_200' title='bbox 635 3833 754 3914; x_wconf 94' lang='lat' dir='ltr'><strong>quihus</strong></span> <span class='ocrx_word' id='word_1_201' title='bbox 777 3834 837 3895; x_wconf 94' lang='lat' dir='ltr'><strong>sibi</strong></span> <span class='ocrx_word' id='word_1_202' title='bbox 862 3837 1040 3898; x_wconf 87' lang='lat' dir='ltr'><strong>tenebatur.</strong></span> 
     </span>
    </p>

    <p class='ocr_par' dir='ltr' id='par_1_16' title="bbox 87 3938 1343 4235">
     <span class='ocr_line' id='line_1_33' title="bbox 183 3938 1343 4024; baseline -0.003 -22"><span class='ocrx_word' id='word_1_203' title='bbox 183 3941 261 4004; x_wconf 89' lang='lat' dir='ltr'><strong>ltem</strong></span> <span class='ocrx_word' id='word_1_204' title='bbox 285 3940 405 4003; x_wconf 88' lang='lat' dir='ltr'><strong>Batista</strong></span> <span class='ocrx_word' id='word_1_205' title='bbox 429 3940 461 4001; x_wconf 92' lang='lat' dir='ltr'><strong>in</strong></span> <span class='ocrx_word' id='word_1_206' title='bbox 493 3938 668 4021; x_wconf 83' lang='lat' dir='ltr'><strong>quindenis</strong></span> <span class='ocrx_word' id='word_1_207' title='bbox 697 3939 887 4003; x_wconf 89' lang='lat' dir='ltr'><strong>Sebastiano</strong></span> <span class='ocrx_word' id='word_1_208' title='bbox 920 3941 1064 4024; x_wconf 92' lang='lat' dir='ltr'><strong>quinque</strong></span> <span class='ocrx_word' id='word_1_209' title='bbox 1097 3960 1220 4001; x_wconf 89' lang='lat' dir='ltr'><strong>marcas</strong></span> <span class='ocrx_word' id='word_1_210' title='bbox 1243 3954 1275 4000; x_wconf 92' lang='lat' dir='ltr'><strong>et</strong></span> <span class='ocrx_word' id='word_1_211' title='bbox 1294 3939 1343 4021; x_wconf 90' lang='lat' dir='ltr'><strong>ju-</strong></span> 
     </span>
     <span class='ocr_line' id='line_1_34' title="bbox 88 4045 1341 4129; baseline 0.002 -24"><span class='ocrx_word' id='word_1_212' title='bbox 88 4045 140 4108; x_wconf 89' lang='lat' dir='ltr'><strong>dici</strong></span> <span class='ocrx_word' id='word_1_213' title='bbox 165 4066 263 4109; x_wconf 90' lang='lat' dir='ltr'><strong>unam</strong></span> <span class='ocrx_word' id='word_1_214' title='bbox 287 4047 448 4129; x_wconf 87' lang='lat' dir='ltr'><strong>persolvet</strong></span> <span class='ocrx_word' id='word_1_215' title='bbox 472 4066 531 4128; x_wconf 91' lang='lat' dir='ltr'><strong>pro</strong></span> <span class='ocrx_word' id='word_1_216' title='bbox 555 4065 605 4125; x_wconf 89' lang='lat' dir='ltr'><strong>eo,</strong></span> <span class='ocrx_word' id='word_1_217' title='bbox 630 4045 705 4127; x_wconf 91' lang='lat' dir='ltr'><strong>quia</strong></span> <span class='ocrx_word' id='word_1_218' title='bbox 732 4047 837 4129; x_wconf 90' lang='lat' dir='ltr'><strong>ipsum</strong></span> <span class='ocrx_word' id='word_1_219' title='bbox 863 4047 1092 4129; x_wconf 87' lang='lat' dir='ltr'><strong>vituperaverit</strong></span> <span class='ocrx_word' id='word_1_220' title='bbox 1115 4060 1146 4108; x_wconf 90' lang='lat' dir='ltr'><strong>et</strong></span> <span class='ocrx_word' id='word_1_221' title='bbox 1171 4045 1341 4107; x_wconf 91' lang='lat' dir='ltr'><strong>biccellum</strong></span> 
     </span>
     <span class='ocr_line' id='line_1_35' title="bbox 87 4153 305 4235; baseline 0.018 -23"><span class='ocrx_word' id='word_1_222' title='bbox 87 4153 305 4235; x_wconf 81' lang='lat' dir='ltr'><strong>evaginaverit.</strong></span> 
     </span>
    </p>

    <p class='ocr_par' dir='ltr' id='par_1_17' title="bbox 88 4257 1341 4450">
     <span class='ocr_line' id='line_1_36' title="bbox 182 4257 1341 4323; baseline -0.002 -2"><span class='ocrx_word' id='word_1_223' title='bbox 182 4259 262 4323; x_wconf 92' lang='lat' dir='ltr'><strong>ltem</strong></span> <span class='ocrx_word' id='word_1_224' title='bbox 293 4257 478 4320; x_wconf 82' lang='lat' dir='ltr'><strong>Anthonius</strong></span> <span class='ocrx_word' id='word_1_225' title='bbox 509 4258 633 4321; x_wconf 85' lang='lat' dir='ltr'><strong>Jursich</strong></span> <span class='ocrx_word' id='word_1_226' title='bbox 669 4271 779 4321; x_wconf 88' lang='lat' dir='ltr'><strong>contra</strong></span> <span class='ocrx_word' id='word_1_227' title='bbox 811 4259 932 4321; x_wconf 91' lang='lat' dir='ltr'><strong>Lucam</strong></span> <span class='ocrx_word' id='word_1_228' title='bbox 963 4258 1106 4320; x_wconf 88' lang='lat' dir='ltr'><strong>secundo</strong></span> <span class='ocrx_word' id='word_1_229' title='bbox 1138 4258 1252 4320; x_wconf 90' lang='lat' dir='ltr'><strong>citatus</strong></span> <span class='ocrx_word' id='word_1_230' title='bbox 1276 4277 1341 4320; x_wconf 89' lang='lat' dir='ltr'><strong>non</strong></span> 
     </span>
     <span class='ocr_line' id='line_1_37' title="bbox 88 4366 268 4450; baseline 0.011 -23"><span class='ocrx_word' id='word_1_231' title='bbox 88 4366 268 4450; x_wconf 88' lang='lat' dir='ltr'><strong>comparuit.</strong></span> 
     </span>
    </p>
   </div>
   <div class='ocr_carea' id='block_1_8' title="bbox 88 4487 1342 4872">
    <p class='ocr_par' dir='ltr' id='par_1_18' title="bbox 88 4487 1342 4678">
     <span class='ocr_line' id='line_1_38' title="bbox 182 4487 1342 4571; baseline -0.001 -19"><span class='ocrx_word' id='word_1_232' title='bbox 182 4491 261 4553; x_wconf 86' lang='lat' dir='ltr'><strong>ltem</strong></span> <span class='ocrx_word' id='word_1_233' title='bbox 286 4510 380 4554; x_wconf 90' lang='lat' dir='ltr'><strong>causa</strong></span> <span class='ocrx_word' id='word_1_234' title='bbox 405 4488 523 4552; x_wconf 90' lang='lat' dir='ltr'><strong>medici</strong></span> <span class='ocrx_word' id='word_1_235' title='bbox 556 4489 677 4569; x_wconf 88' lang='lat' dir='ltr'><strong>Jacobi,</strong></span> <span class='ocrx_word' id='word_1_236' title='bbox 709 4488 854 4552; x_wconf 90' lang='lat' dir='ltr'><strong>Franche</strong></span> <span class='ocrx_word' id='word_1_237' title='bbox 879 4488 1032 4551; x_wconf 86' lang='lat' dir='ltr'><strong>aurifabri</strong></span> <span class='ocrx_word' id='word_1_238' title='bbox 1063 4503 1094 4550; x_wconf 92' lang='lat' dir='ltr'><strong>et</strong></span> <span class='ocrx_word' id='word_1_239' title='bbox 1119 4487 1271 4571; x_wconf 89' lang='lat' dir='ltr'><strong>Gyurgek</strong></span> <span class='ocrx_word' id='word_1_240' title='bbox 1296 4502 1342 4551; x_wconf 89' lang='lat' dir='ltr'><strong>est</strong></span> 
     </span>
     <span class='ocr_line' id='line_1_39' title="bbox 88 4595 1195 4678; baseline 0.001 -23"><span class='ocrx_word' id='word_1_241' title='bbox 88 4595 121 4655; x_wconf 82' lang='lat' dir='ltr'><strong>ad</strong></span> <span class='ocrx_word' id='word_1_242' title='bbox 143 4595 256 4659; x_wconf 82' lang='lat' dir='ltr'><strong>leriam</strong></span> <span class='ocrx_word' id='word_1_243' title='bbox 280 4610 400 4658; x_wconf 82' lang='lat' dir='ltr'><strong>sextam</strong></span> <span class='ocrx_word' id='word_1_244' title='bbox 425 4595 598 4678; x_wconf 91' lang='lat' dir='ltr'><strong>plusquam</strong></span> <span class='ocrx_word' id='word_1_245' title='bbox 623 4609 788 4657; x_wconf 85' lang='lat' dir='ltr'><strong>venturam</strong></span> <span class='ocrx_word' id='word_1_246' title='bbox 814 4609 983 4677; x_wconf 90' lang='lat' dir='ltr'><strong>prorogata</strong></span> <span class='ocrx_word' id='word_1_247' title='bbox 1008 4595 1048 4656; x_wconf 91' lang='lat' dir='ltr'><strong>ad</strong></span> <span class='ocrx_word' id='word_1_248' title='bbox 1073 4615 1195 4677; x_wconf 87' lang='lat' dir='ltr'><strong>pacem.</strong></span> 
     </span>
    </p>

    <p class='ocr_par' dir='ltr' id='par_1_19' title="bbox 88 4700 1341 4872">
     <span class='ocr_line' id='line_1_40' title="bbox 182 4700 1341 4782; baseline -0.003 -17"><span class='ocrx_word' id='word_1_249' title='bbox 182 4704 261 4767; x_wconf 91' lang='lat' dir='ltr'><strong>ltem</strong></span> <span class='ocrx_word' id='word_1_250' title='bbox 278 4701 440 4765; x_wconf 84' lang='lat' dir='ltr'><strong>lohannes</strong></span> <span class='ocrx_word' id='word_1_251' title='bbox 461 4701 501 4763; x_wconf 91' lang='lat' dir='ltr'><strong>de</strong></span> <span class='ocrx_word' id='word_1_252' title='bbox 527 4700 685 4764; x_wconf 91' lang='lat' dir='ltr'><strong>Craleuch</strong></span> <span class='ocrx_word' id='word_1_253' title='bbox 710 4716 819 4764; x_wconf 88' lang='lat' dir='ltr'><strong>contra</strong></span> <span class='ocrx_word' id='word_1_254' title='bbox 844 4701 1022 4782; x_wconf 82' lang='lat' dir='ltr'><strong>Georgium</strong></span> <span class='ocrx_word' id='word_1_255' title='bbox 1047 4721 1112 4764; x_wconf 90' lang='lat' dir='ltr'><strong>non</strong></span> <span class='ocrx_word' id='word_1_256' title='bbox 1136 4702 1224 4764; x_wconf 89' lang='lat' dir='ltr'><strong>venit</strong></span> <span class='ocrx_word' id='word_1_257' title='bbox 1236 4720 1341 4782; x_wconf 92' lang='lat' dir='ltr'><strong>neque</strong></span> 
     </span>
     <span class='ocr_line' id='line_1_41' title="bbox 88 4824 175 4872; baseline 0.034 -3"><span class='ocrx_word' id='word_1_258' title='bbox 88 4824 175 4872; x_wconf 85' lang='lat' dir='ltr'><strong>mrart.</strong></span> 
     </span>
    </p>
   </div>
   <div class='ocr_carea' id='block_1_9' title="bbox 0 0 1717 5362">
    <p class='ocr_par' dir='ltr' id='par_1_20' title="bbox 0 0 1717 5362">
     <span class='ocr_line' id='line_1_42' title="bbox 0 0 1717 5362; baseline 0 0"><span class='ocrx_word' id='word_1_259' title='bbox 0 0 1717 5362; x_wconf 95' lang='lat' dir='ltr'><strong> </strong></span> 
     </span>
    </p>
   </div>
  </div>
 </body>
</html>
