3404 5362
222 370 279 433 ¹92
613 351 700 408 Anno
722 346 815 426 1383.
842 381 882 392 -
900 363 935 425 3.
959 350 1077 422 aprilis.

321 561 399 622 Item
425 560 561 622 Mathias
584 559 705 640 juratus
730 573 845 622 octavo
866 559 918 620 die
941 579 998 642 per
1022 558 1203 621 Iohannem
1227 559 1414 642 pellificem‚
1438 561 1476 622 ad

216 686 314 749 quem
330 669 445 750 seipse
463 667 598 728 Mathias
622 680 652 728 et
669 666 821 728 Herricus
836 664 966 748 pellifex
990 679 1104 748 sponte
1128 666 1371 745 commisemnt,
1388 681 1480 750 prout

216 774 383 852 atestahit,
416 772 503 854 quod
536 773 603 854 ipse
629 772 780 833 Herricus
813 770 878 833 filie
906 773 1037 834 Rennar
1068 786 1207 853 quatuor
1238 773 1355 834 marcis
1387 772 1480 833 dena·

216 881 339 943 riorum
363 875 449 961 wlg'o
475 877 624 961 Grachlry
649 878 741 940 dictis
765 892 796 940 et
828 877 1040 960 quadraginta
1072 877 1199 939 cubulis
1222 877 1352 941 debitor
1374 877 1477 940 fuerit.

325 986 403 1048 Item
430 1006 524 1048 causa
549 984 669 1046 Mathie
687 984 837 1066 Hresnyk
862 997 971 1046 contra
989 983 1191 1066 Mychaelem
1214 983 1318 1046 filium
1332 984 1481 1046 Damiani

217 1092 257 1154 ad
282 1106 433 1155 octavum
457 1091 545 1152 diem
568 1090 609 1152 ad
633 1110 745 1172 pacem
770 1104 818 1152 est
840 1103 977 1172 recepta.

323 1197 401 1260 Item
439 1196 614 1278 Gregorius
650 1195 841 1258 ChudauIch
878 1209 909 1257 et
940 1195 1123 1278 Stephanus
1161 1209 1272 1258 contra
1312 1195 1481 1258 mulierem

216 1303 316 1365 Illcam
342 1304 448 1386 primo
473 1303 560 1364 citati
588 1321 654 1363 non
678 1315 938 1382 comparuerunt.

322 1409 400 1471 Item
426 1407 602 1489 Gregorius
626 1406 865 1470 molendInator
882 1421 993 1470 contra
1014 1406 1194 1470 Iohannem
1217 1406 1358 1488 juratum
1376 1408 1482 1490 prImo

216 1515 329 1576 citatus
352 1534 418 1576 non
448 1513 637 1595 comparuit.

325 1620 403 1682 Item
429 1620 581 1681 Herricus
612 1618 741 1700 pellifex
766 1634 796 1680 et
824 1617 985 1700 Georgius
1017 1620 1114 1681 Loter
1145 1631 1255 1681 contra
1280 1618 1482 1681 Anthonium

218 1727 352 1810 Jursych
382 1727 488 1810 primo
513 1726 599 1788 citati
623 1745 688 1786 non
713 1739 970 1808 comparuerunt.

325 1832 403 1894 Item
429 1831 611 1914 Stephanus
627 1831 794 1914 Chaplych
812 1846 921 1893 contra
945 1833 1141 1913 AgustInum
1157 1831 1359 1895 sacerdotem
1377 1832 1482 1914 primo

216 1939 329 2001 citatus
355 1958 420 2000 non
446 1938 635 2020 comparuit.

324 2045 402 2107 Item
429 2045 610 2126 Stephanus
633 2044 701 2104 Rez
725 2057 839 2106 octavo
863 2043 915 2106 die
939 2064 996 2126 per
1015 2044 1197 2106 Iohannem
1221 2042 1323 2105 filium
1351 2043 1436 2105 Petri
1454 2058 1484 2106 et

216 2150 303 2215 Iwan
328 2150 449 2212 dictum
482 2151 652 2232 Zpetdnen
677 2151 805 2212 racione
839 2151 1005 2213 cuiusdam
1036 2151 1119 2213 vasis
1151 2151 1217 2213 vini
1241 2166 1352 2213 contra
1376 2151 1483 2214 Ellam

216 2276 350 2341 parvum
376 2271 477 2319 astare
502 2257 609 2319 debet.

325 2363 403 2424 Item
431 2363 546 2424 Paulas
562 2377 672 2425 contra
689 2362 794 2423 Eliam
811 2381 945 2444 parvum
963 2363 1068 2440 primo
1082 2365 1196 2426 citatus
1209 2383 1274 2426 non
1290 2364 1483 2446 comparuit.

324 2468 403 2531 Item
428 2469 588 2531 lanchech
613 2466 773 2530 aunfaber
796 2481 910 2531 octavo
943 2469 995 2531 die
1018 2489 1076 2551 per
1100 2469 1208 2531 Endre
1233 2469 1300 2552 Syb
1324 2483 1357 2532 et
1381 2468 1484 2532 Geor·

215 2574 305 2655 gium
332 2574 494 2636 literatum
519 2574 580 2637 hoc
604 2575 761 2654 atestabit,
796 2574 883 2657 quod
916 2576 1022 2659 Ipsum
1055 2594 1136 2637 uxor
1159 2574 1235 2637 dicti
1268 2575 1378 2637 Endre
1400 2576 1484 2638 vitu·

216 2693 369 2762 parasset.
1484 2755 1492 2767 ι

322 2783 400 2846 Item
434 2785 586 2846 Herricus
616 2784 747 2867 pellifex
786 2801 895 2851 contra
928 2788 1108 2851 Iohannem
1139 2789 1338 2852 aurifabrum
1376 2788 1484 2872 primo

216 2891 330 2953 citatus
354 2911 418 2953 non
444 2893 634 2973 comparuit.

324 2997 402 3059 Item
435 2997 597 3060 Iohannes
628 2997 713 3061 filius
744 2999 862 3063 Donati
894 3013 1005 3063 contra
1036 2999 1216 3084 Georgium
1248 3001 1347 3064 Loter
1377 3001 1485 3084 primo

215 3102 328 3165 citatus
360 3123 425 3166 non
459 3106 650 3186 comparuit.

323 3208 400 3272 Item
425 3208 599 3293 Dragonya
630 3226 744 3275 octavo
777 3211 829 3275 die
853 3233 909 3296 per
940 3213 1108 3276 dominam
1139 3227 1322 3277 consortem
1346 3215 1485 3278 Josnnis

216 3315 316 3377 Pazar
332 3329 364 3378 et
389 3315 502 3378 Hanch
526 3331 667 3380 sutorem
691 3318 753 3381 hoc
777 3319 934 3398 atestahit‚
963 3320 1051 3402 quod
1075 3339 1207 3382 consors
1230 3321 1339 3404 Erney
1365 3322 1485 3384 sutoris

215 3435 398 3484 consortem
421 3441 512 3484 suam
535 3423 755 3505 vituperasset.

320 3527 398 3590 Item
424 3548 517 3590 causa
535 3529 650 3591 Paulas
666 3544 776 3593 contra
800 3531 972 3594 Nicolaum
992 3532 1149 3616 Ribarigh
1167 3533 1208 3596 ad
1225 3546 1377 3596 octavum
1395 3534 1483 3597 diem

214 3631 255 3694 ad
277 3652 391 3716 pacem
415 3647 462 3695 est
485 3649 621 3717 recepta.

320 3738 399 3801 Item
422 3759 515 3801 causa
540 3741 640 3803 Marci
664 3756 774 3804 contra
798 3743 940 3805 Valisam
957 3744 997 3805 ad
1021 3756 1171 3807 octavum
1196 3743 1283 3807 diem
1307 3745 1349 3807 ad
1367 3766 1482 3830 pacem

215 3859 262 3907 est
286 3859 422 3928 recepta.

322 3950 400 4013 Item
425 3952 578 4016 Nicolaus
602 3953 706 4035 CIgan
731 3968 841 4017 contra
866 3956 1011 4017 Marcum
1034 3957 1140 4038 prImo
1169 3958 1283 4019 citatus
1307 3976 1375 4020 non
1396 3978 1484 4021 com-

214 4057 329 4137 paruit.

321 4162 398 4225 Item
423 4165 531 4227 Endre
562 4180 593 4228 et
624 4166 756 4229 domina
786 4167 961 4230 Katherina
993 4168 1177 4252 Kyparicha
1208 4183 1320 4231 contra
1352 4171 1484 4253 Agusti-

215 4269 387 4332 nouicham
411 4271 518 4352 primo
543 4272 628 4334 citati
653 4292 718 4334 non
743 4287 1002 4356 comparuerunt.

319 4375 396 4438 Item
415 4376 577 4438 Iohannes
608 4375 693 4439 filius
717 4379 836 4442 Donati
868 4393 899 4442 et
923 4380 1049 4443 Marcus
1081 4380 1165 4444 fiIIus
1196 4381 1337 4464 Mykech
1370 4397 1482 4446 contra

213 4478 415 4543 Anthonium
440 4482 538 4543 Renis
562 4483 667 4564 primo
692 4485 778 4547 citati
803 4505 868 4548 non
897 4501 1158 4569 comparuerunt.

319 4586 398 4648 Item
423 4587 535 4649 Petrus
566 4586 706 4651 famulus
730 4590 887 4675 Delasych
919 4605 1033 4655 octavo
1063 4593 1116 4656 dte
1146 4593 1289 4656 secundo
1322 4614 1356 4656 se
1387 4615 1484 4679 super

214 4712 252 4755 eo
276 4692 394 4774 jurabit
418 4694 506 4775 quod
531 4695 598 4777 ipse
623 4696 802 4758 Iohannem
826 4697 930 4761 filium
961 4700 1071 4762 Jacohi
1105 4701 1185 4763 Bole
1210 4699 1390 4765 interficere
1414 4721 1480 4766 non

212 4799 350 4862 voluerit
373 4820 479 4882 neque
505 4801 610 4885 ipsum
635 4803 792 4865 Iacobum
816 4804 1034 4888 vituperasset.
