3404 5362
632 339 717 395 Anno
740 335 830 413 1376.
857 369 896 379 -
920 351 971 395 20.
996 337 1075 395 mati.

324 548 402 611 Item
428 549 535 611 relicta
560 548 702 629 magistri
735 546 860 607 Nicolai
894 545 1004 608 Toutb
1029 564 1120 608 suam
1145 545 1279 606 domurn
1304 564 1363 627 pro
1398 563 1485 606 serra·

217 654 306 735 ginta
336 653 406 716 flor.
438 656 505 717 auri
538 677 555 716 a
586 655 717 716 domina
750 653 872 714 Dicaua
904 653 1062 714 redimere
1094 651 1207 726 debet;
1243 651 1346 733 ipsam
1378 663 1485 712 autem

218 779 344 821 causam
370 775 558 841 procurator
582 762 680 843 ipsius
704 760 835 821 domine
868 758 908 820 ad
931 759 1083 840 antiquos
1107 757 1229 835 judices
1253 756 1440 838 appellavit.

324 866 400 927 Item
426 867 537 929 Petrus
560 882 660 929 sartor
683 881 798 929 octavo
823 865 874 925 die
898 884 931 927 se
955 864 1114 926 secundus
1138 863 1243 945 jurare
1267 863 1364 925 debet
1387 881 1485 945 super

218 990 267 1050 eo,
300 972 388 1053 quod
420 973 487 1054 ipse
523 973 684 1055 quendam
716 991 825 1034 arcum
861 971 893 1032 in
929 970 1084 1032 nundinis
1117 981 1333 1054 comparasset
1366 968 1488 1031 inscius

218 1078 250 1138 in
275 1076 361 1141 furtu
386 1079 485 1160 ipsius
509 1100 609 1141 arcus.

325 1184 401 1246 hem
433 1186 530 1247 {uana
571 1200 681 1247 contra
712 1184 905 1267 (Pri)bairam
945 1185 1116 1247 mulierem
1151 1183 1257 1267 primo
1292 1183 1387 1246 citata
1418 1202 1484 1245 non

218 1292 407 1372 comparuit.

323 1397 399 1458 Item
428 1397 547 1459 Mathia
571 1395 730 1458 aurifaber
755 1397 786 1457 in
821 1397 994 1478 quindenis
1018 1397 1184 1460 Anthonio
1208 1395 1356 1478 Zitarych
1381 1415 1485 1458 nona-

216 1502 304 1584 ginta
329 1503 535 1565 denariorum
560 1516 590 1565 et
614 1522 714 1564 unum
738 1502 892 1564 eubulum
917 1502 1068 1564 frumenti
1098 1502 1261 1564 exsolvere
1286 1502 1392 1566 debet.

324 1609 401 1670 Item
425 1609 500 1691 quia
525 1608 668 1670 Francha
693 1622 803 1671 contra
836 1610 1011 1671 Martinum
1044 1606 1213 1691 Zequirich
1240 1608 1271 1669 in
1295 1608 1484 1671 testimonio

218 1713 334 1793 deficit,
359 1735 434 1796 ergo
459 1735 548 1776 suam
574 1735 701 1776 causam
726 1715 877 1797 perdidit.

323 1822 399 1883 item
423 1841 517 1883 causa
543 1822 681 1883 Ladislai
707 1822 789 1883 tufar
813 1834 844 1883 et
861 1821 963 1884 Curae
988 1820 1255 1882 molendinatoris
1271 1834 1317 1881 est
1341 1839 1398 1902 per
1417 1820 1486 1881 Ma·

218 1946 330 1987 renum
353 1927 392 1987 ad
417 1942 490 1990 octo
514 1927 582 1989 dies
607 1942 732 2008 recepta
755 1927 795 1988 ad
820 1947 942 2009 pacem.

323 2033 400 2093 item
425 2034 536 2095 Kauka
570 2033 685 2095 mulier
717 2047 828 2095 contra
860 2032 1054 2114 Gregorium
1085 2031 1224 2113 juratum
1250 2031 1355 2114 primo
1388 2031 1483 2094 citata

217 2157 282 2199 non
307 2141 496 2220 comparuit.

322 2244 424 2307 Nota!
449 2247 522 2326 quia
548 2246 680 2309 honeste
704 2246 847 2324 domine,
873 2245 982 2308 relicta
1007 2245 1145 2307 condam
1169 2244 1252 2306 Petri
1277 2243 1393 2324 judicis
1426 2243 1484 2307 filii

217 2351 348 2429 Rubini,
371 2352 479 2414 relicta
505 2353 689 2416 Peterkonis
713 2367 744 2415 et
765 2354 857 2414 Anka
881 2372 966 2414 nunc
991 2371 1070 2413 uxor
1087 2350 1242 2413 Johannis
1267 2351 1386 2432 Vngari
1404 2371 1482 2413 con·

216 2456 294 2517 civis
317 2458 415 2519 nostri
441 2459 473 2520 in
506 2458 588 2522 facto
621 2460 760 2541 ipsarum
792 2459 948 2541 premisso
980 2458 1195 2539 juramentum
1230 2457 1392 2539 deponere
1426 2459 1484 2520 de·

217 2563 369 2641 buissent‚
395 2564 463 2644 ipso
485 2567 622 2626 termino
646 2566 848 2645 adveniente,
874 2565 994 2627 dictum
1017 2564 1267 2645 jurmamentum
1291 2583 1357 2626 non
1382 2564 1484 2648 depo-

216 2683 359 2745 suerunt,
383 2689 441 2730 nec
465 2687 631 2734 venerunt.

306 2883 402 2958 Faria
431 2890 538 2959 tercia
565 2891 720 2977 proxima
749 2896 828 2960 ante
855 2889 979 2960 festum
1008 2886 1224 2960 Asceusionis
1255 2887 1396 2960 Domini.

751 3039 818 3120 (20.
842 3038 943 3121 mari).

322 3180 430 3242 Primo
462 3181 593 3243 domina
626 3180 825 3262 Margaretha
860 3200 939 3243 uxor
963 3180 1118 3264 Gyurgek
1150 3196 1260 3244 contra
1285 3181 1483 3245 Scurianech

215 3285 320 3367 primo
345 3287 438 3349 citata
463 3307 527 3348 non
552 3287 740 3369 comparuit.

321 3392 399 3453 item
416 3393 574 3454 Janchech
591 3392 750 3455 aurifaber
766 3406 880 3457 octavo
898 3395 948 3455 die
966 3408 1075 3456 contra
1094 3394 1271 3478 Symonem
1287 3395 1479 3458 sallivenam

213 3517 270 3580 per
295 3499 468 3560 Matrinum
496 3499 729 3582 carpentarium
754 3513 785 3562 et
817 3501 986 3562 Micusium
1022 3501 1169 3562 atestabit
1192 3521 1287 3583 super
1314 3521 1364 3579 eo,
1389 3502 1481 3583 quod

216 3604 282 3687 ipse
306 3605 428 3687 Symon
453 3625 542 3667 suam
567 3605 716 3666 ancillam
741 3606 864 3688 pridem
889 3608 1022 3689 turpiter
1047 3609 1252 3670 verberasset.

321 3711 399 3772 Item
424 3732 516 3774 causa
541 3711 664 3773 domini
683 3713 801 3773 Prioris
826 3727 856 3775 et
880 3703 1007 3779 Nicolai
1029 3711 1085 3774 filii
1104 3713 1229 3774 Nicolai
1255 3714 1383 3776 racione
1401 3735 1482 3796 qua·

214 3816 362 3878 rumdam
389 3818 627 3900 possessionum
660 3818 770 3880 estad
802 3818 976 3881 adventum
1006 3819 1122 3901 judicis
1146 3819 1185 3881 de
1217 3821 1305 3882 curia
1328 3821 1416 3902 regia
1441 3823 1483 3883 ad

213 3923 354 4005 primum
378 3924 533 4005 judicium
558 3938 737 4006 prorogata.

320 4030 396 4092 Item
429 4030 613 4092 Anthonius
644 4045 753 4093 contra
784 4030 946 4093 Videnum
979 4030 1104 4092 fabrum
1142 4033 1246 4115 primo
1277 4033 1390 4095 citatus
1413 4053 1481 4096 non

214 4138 403 4219 comparuit.

319 4242 397 4304 Item
422 4262 515 4304 causa
541 4244 667 4305 Martini
703 4258 733 4306 et
765 4243 891 4305 Nicolai
923 4242 980 4305 filii
1006 4245 1131 4306 Nicolai
1163 4259 1210 4307 est
1240 4264 1296 4326 per
1320 4246 1481 4308 Jacobum

213 4348 383 4431 pellificem
409 4349 449 4410 ad
474 4363 546 4411 octo
571 4349 639 4410 dies
663 4362 788 4433 recepta
812 4349 852 4411 ad
876 4370 999 4433 pacem.

320 4454 396 4517 ftem
422 4455 583 4518 Johannes
607 4471 721 4519 octavo
746 4456 797 4517 die
822 4471 931 4519 contra
959 4456 1208 4520 Chuethkonem
1232 4477 1289 4540 per
1315 4457 1422 4522 Mathe
1448 4474 1481 4523 et

214 4562 343 4623 Petrum
368 4563 524 4640 atestabit,
550 4563 638 4643 quod
664 4563 768 4645 ipsum
793 4562 878 4624 idem
904 4563 1075 4626 Chuethko
1099 4565 1336 4646 vituperaverit.

319 4668 396 4728 hem
422 4687 515 4728 causa
541 4668 647 4729 Endre
673 4682 703 4730 et
720 4668 897 4729 Clementis
918 4682 965 4731 est
989 4689 1044 4751 per
1061 4669 1238 4751 Georgium
1264 4682 1418 4731 sartorem
1437 4672 1479 4733 ad

220 4787 292 4836 octo
316 4775 384 4835 dies
408 4789 535 4856 recepta
557 4773 596 4836 ad
621 4795 744 4858 pacem.
