3404 5362
389 358 447 438 ιφ
783 359 868 415 Anno
894 353 985 434 1383·
1012 391 1049 400 -
1075 371 1123 416 21.
1148 358 1261 431 aprilis.

490 570 567 629 item
591 589 683 629 causa
717 568 871 630 Johannis
903 568 1001 629 Vasas
1033 583 1142 629 contra
1168 568 1339 629 Nicolaum
1371 567 1476 629 filium
1504 568 1586 630 iwan
1608 570 1641 629 ad

383 677 522 758 primum
549 675 704 753 judicium
729 690 799 756 post
825 675 1000 737 adventum
1018 675 1151 736 Fabiani
1178 673 1235 735 filii
1260 674 1387 735 Nicolai
1404 688 1454 736 est
1469 688 1642 757 prorogata.

489 783 567 844 Item
602 782 795 843 Benedictus
827 781 970 843 Gallicus
1002 797 1115 843 octavo
1147 781 1198 842 die
1222 800 1279 862 per
1311 780 1457 842 relictam
1484 781 1595 843 Tadee
1618 796 1644 841 et

383 889 569 971 Philippum
594 888 696 950 filium
721 889 837 950 medici
863 889 923 950 hoc
947 888 1105 967 atestabit,
1138 888 1226 969 quod
1251 888 1405 950 Nicolaus
1430 888 1643 970 carpentarius

383 996 544 1077 quandam
569 1015 695 1057 comam
720 996 885 1057 Benedicti
910 995 1081 1078 recepisset
1105 1009 1177 1056 ante
1205 996 1382 1058 stacionem
1407 1014 1512 1056 suam.

489 1102 565 1164 Item
592 1123 685 1163 causa
712 1101 843 1183 Georgii
870 1103 966 1163 Loter
999 1115 1109 1163 contra
1141 1102 1284 1164 Marcum
1316 1100 1421 1163 filium
1448 1102 1586 1184 Mykech
1608 1101 1642 1163 ad

382 1223 532 1270 octavum
557 1209 642 1269 diem
668 1208 707 1269 ad
732 1227 843 1291 pacem
869 1223 914 1269 est
938 1222 1074 1290 recepta.

488 1316 565 1376 Item
591 1316 670 1396 (per)
694 1327 789 1376 testes
812 1314 931 1396 (causei
957 1315 1055 1376 Marci
1079 1313 1136 1375 filii
1171 1313 1292 1376 Gemze
1326 1327 1436 1378 contra
1468 1315 1584 1377 Valese
1605 1315 1642 1376 ad

382 1434 529 1483 octavum
555 1421 641 1483 dieni
666 1422 705 1482 ad
730 1441 841 1503 pacem
867 1436 912 1482 est
936 1436 1072 1504 recepta.

490 1527 566 1588 item
592 1528 723 1588 domina
749 1529 857 1589 relicta
890 1528 1002 1589 liaden
1035 1541 1144 1590 contra
1170 1528 1323 1590 Mathiam
1353 1541 1512 1590 sartorem
1546 1529 1640 1612 primo

385 1635 478 1697 citata
507 1654 571 1695 non
597 1636 786 1717 comparuit.

490 1741 567 1802 ltem
594 1742 770 1803 Damianus
794 1742 965 1824 Hlebopek
983 1756 1093 1804 contra
1112 1742 1258 1804 Matheus
1278 1742 1422 1805 secundo
1446 1743 1562 1805 citatus
1584 1762 1642 1804 non

383 1848 573 1929 comparuit.

490 1954 566 2015 ltem
600 1973 694 2014 causa
727 1955 806 2037 Elye
839 1955 927 2036 parvi
965 1968 1075 2017 contra
1107 1955 1222 2017 Paulas
1245 1955 1285 2016 ad
1317 1955 1459 2038 primum
1491 1954 1640 2036 judicium

383 2075 453 2142 post
478 2061 650 2122 adventum
676 2061 751 2122 dicti
778 2061 891 2122 Paulas
915 2075 961 2123 est
988 2075 1170 2143 prorogata.

489 2168 567 2229 Item
599 2188 691 2228 causa
724 2167 879 2229 Anthonii
912 2167 969 2229 filii
995 2169 1093 2230 Renis
1134 2184 1241 2231 contra
1268 2169 1449 2231 iohannem
1475 2170 1592 2232 Donati
1615 2182 1641 2230 et

383 2273 525 2334 Marcum
552 2272 653 2334 tilium
680 2273 815 2356 Mykech
840 2273 880 2335 ad
904 2289 1053 2336 octavum
1083 2273 1168 2335 diem
1194 2275 1233 2336 ad
1258 2295 1369 2358 pacem
1395 2290 1442 2337 est
1466 2291 1603 2359 recepta.

490 2379 565 2439 item
592 2380 694 2440 Jalkei
719 2394 827 2441 contra
852 2380 969 2441 Worih
995 2379 1127 2461 figulum
1153 2396 1268 2442 octavo
1292 2381 1343 2442 die
1368 2383 1589 2463 respondebit.

489 2486 566 2546 item
591 2506 684 2547 causa
710 2486 828 2547 Mathei
854 2501 962 2547 contra
992 2486 1193 2569 Mychaelem
1225 2485 1327 2549 filium
1354 2488 1506 2550 Damiani
1532 2489 1572 2551 ad
1595 2508 1642 2550 oc·

381 2605 489 2651 tarum
515 2592 601 2652 diem
626 2593 665 2652 ad
690 2613 802 2673 pacem
828 2607 874 2655 est
897 2608 1034 2676 recepta.

490 2697 566 2758 ltenr
593 2699 758 2759 Emericus
781 2719 915 2782 arcupar
946 2715 1055 2763 contra
1080 2700 1260 2762 iohannem
1295 2700 1429 2783 figulum
1457 2715 1573 2764 octavo
1597 2701 1644 2762 die

382 2803 601 2884 respondebit.

444 3021 540 3095 Feria
569 3028 675 3097 tercia
704 3030 858 3115 proxima
883 3036 961 3100 ante
990 3030 1112 3101 festum
1140 3030 1229 3101 beati
1259 3030 1391 3119 Georgii
1420 3034 1586 3104 martiris.

911 3180 975 3259 (21.
1006 3184 1133 3259 aprilis).

488 3319 565 3380 Item
603 3321 783 3402 Stephanus
819 3322 971 3406 Pondych
1003 3338 1114 3386 contra
1145 3324 1361 3405 Dragozlaum
1393 3324 1500 3406 primo
1535 3326 1644 3389 citatus

383 3444 448 3485 non
473 3427 661 3507 comparuit.

491 3533 567 3592 Item
594 3533 700 3596 Endre
735 3536 800 3617 Syb
833 3551 941 3599 contra
974 3537 1132 3599 ianchech
1165 3536 1362 3600 aurifabrum
1397 3539 1503 3622 primo
1536 3541 1646 3602 citatus

383 3656 448 3698 non
474 3640 661 3719 comparuit.

489 3744 566 3804 Item
592 3746 753 3807 iohannes
777 3749 871 3810 Liber
890 3749 1045 3811 Mauricio
1063 3764 1201 3831 quatuor
1225 3752 1293 3815 flor.
1312 3753 1380 3814 auri
1397 3752 1524 3816 solvere
1542 3754 1636 3816 debet

385 3869 467 3929 quos
491 3863 635 3932 tempore
662 3853 815 3915 Johannis
839 3855 937 3916 Vasas
960 3856 1084 3919 solvere
1109 3858 1229 3920 debens
1254 3878 1318 3920 non
1342 3859 1448 3923 solvit.

493 3957 570 4018 item
595 3977 688 4019 causa
714 3959 867 4022 Johannis
892 3961 946 4023 tilii
974 3964 1128 4026 Hermani
1163 3980 1270 4028 contra
1295 3965 1498 4049 Mychaelem
1521 3968 1645 4031 stachu·

385 4063 508 4123 narium
534 4063 574 4123 ad
600 4078 748 4125 octavum
773 4065 859 4127 diem
884 4068 923 4128 ad
942 4089 1051 4150 pacem
1077 4085 1123 4133 est
1146 4086 1282 4154 recepta.

493 4168 570 4230 ltem
604 4190 734 4232 consors
755 4171 897 4234 Cristlini
924 4190 1033 4236 contra
1067 4176 1233 4239 dominam
1266 4179 1408 4241 relictam
1435 4180 1562 4243 Nicolai
1588 4180 1644 4244 rufi

383 4274 525 4335 secundo
555 4275 647 4337 citata
673 4297 738 4338 non
762 4280 951 4360 comparuit.

490 4381 569 4442 Item
593 4384 700 4445 relicta
726 4384 837 4445 Raden
864 4400 972 4448 contra
991 4388 1144 4450 Mathiam
1170 4390 1366 4453 sacerdotem
1383 4393 1528 4456 secundo
1554 4396 1646 4457 citata

385 4507 449 4548 non
474 4490 663 4569 comparuit.

492 4593 570 4655 Item
594 4595 747 4657 Nicolaus
780 4598 951 4681 Marchych
985 4617 1095 4663 contra
1118 4603 1203 4665 Iwan
1227 4604 1330 4667 filium
1363 4607 1516 4690 Loytrich
1541 4610 1644 4693 primo

384 4701 497 4762 citatus
528 4720 592 4761 non
621 4705 810 4784 comparuit.

492 4807 568 4869 Item
595 4806 762 4891 Gyaninus
783 4811 902 4891 juratus
918 4829 1027 4877 contra
1045 4816 1195 4900 Grachyn
1212 4833 1325 4882 octavo
1350 4820 1402 4884 die
1426 4823 1641 4907 respondebit.
