3404 5362
219 325 281 404 316
661 324 746 381 Anno
771 337 862 398 [390.
887 356 928 366 —
952 335 1001 396 25.
1018 323 1169 398 januarii.

322 535 400 595 ltem
427 535 568 596 llosman
594 548 703 595 contra
728 533 844 594 Paulas
867 533 972 615 primo
997 531 1111 593 citatus
1134 551 1200 593 non
1226 531 1413 614 comparuit.

324 641 402 703 Item
421 640 546 702 Blasich
563 655 673 701 contra
692 638 884 719 Gregorium
903 636 1059 720 voyschar
1071 650 1166 700 testes
1182 637 1361 720 producere
1379 637 1474 712 debet,

221 746 389 809 videlicet:
415 746 582 808 Nicusium
607 758 638 807 et
664 744 864 807 Bartholum.

324 853 403 914 ltem
429 872 522 915 causa
547 851 696 933 Agustini
720 849 895 912 sacerdotis
920 869 1021 932 usque
1046 847 1158 912 feriam
1183 849 1315 910 terciam
1341 861 1388 909 est
1411 866 1480 929 pro·

216 972 338 1040 rogata.

323 1063 400 1126 Item
427 1076 528 1125 mater
552 1063 671 1124 Zemke
696 1061 839 1124 secundo
862 1083 895 1123 se
921 1061 998 1124 feria
1026 1062 1124 1124 tercia
1149 1081 1245 1144 super
1268 1060 1332 1122 hoc
1356 1061 1485 1142 jurabit,

215 1169 304 1251 quod
330 1171 396 1251 ipsa
421 1169 577 1251 quasdam
602 1166 709 1249 fruges
732 1188 791 1250 pro
814 1187 847 1229 se
872 1189 936 1230 non
961 1169 1140 1251 recepisset.

324 1277 401 1338 ltem
427 1280 520 1337 Anna
552 1276 712 1358 penestica
744 1272 822 1337 leria
854 1276 951 1337 tercia
977 1275 1121 1357 proxima
1153 1290 1263 1334 contra
1289 1273 1489 1353 Gregorium

216 1383 372 1467 voyschar
404 1402 499 1465 super
522 1382 582 1443 hoc
615 1381 745 1461 jurabit,
776 1381 864 1462 quod
899 1381 997 1443 nichil
1022 1381 1082 1442 sibi
1115 1393 1258 1456 tenetur;
1283 1379 1354 1462 ipse
1380 1391 1490 1441 autem

216 1491 315 1572 ipsam
343 1510 471 1551 causam
498 1489 536 1549 ad
562 1488 712 1570 antiquos
736 1487 858 1568 judices
881 1488 1065 1570 appellavit.

321 1597 399 1657 Item
424 1595 607 1656 Anthonius
632 1608 740 1656 contra
768 1594 895 1656 Petrum
922 1593 1000 1655 feria
1024 1594 1121 1656 tercia
1145 1591 1367 1675 respondebit.

242 1830 338 1905 Feria
369 1836 477 1905 tercia
505 1835 660 1922 proxima
690 1841 765 1922 post
794 1834 916 1904 festum
944 1835 1033 1904 beati
1062 1829 1221 1903 Anthonii
1251 1831 1472 1902 confessoris.

726 1983 793 2065 (18.
808 1989 976 2063 januarii).

323 2126 400 2188 Item
427 2127 555 2209 Mathey
588 2140 676 2188 sutor
707 2126 844 2187 condam
876 2126 976 2187 decan
1008 2144 1133 2186 necnon
1166 2122 1349 2184 Perthlinus
1380 2144 1487 2204 gener

216 2232 360 2293 eiusdem
386 2234 426 2293 ab
452 2253 524 2311 una,
550 2248 637 2314 parte
669 2253 746 2294 vero
771 2253 807 2292 ex
839 2232 939 2293 altera
964 2231 1127 2292 lohannes
1151 2229 1235 2291 filius
1266 2229 1380 2290 Jacobi
1408 2230 1488 2292 dicti

217 2338 307 2417 Bole,
342 2338 473 2419 iuratus,
506 2339 603 2400 iidem
637 2339 766 2421 Mathey
799 2351 830 2399 et
862 2338 1044 2399 Perthlinus
1075 2350 1149 2399 sunt
1172 2334 1309 2397 confessi
1344 2335 1375 2397 in
1402 2335 1491 2397 hunc

216 2444 367 2506 modum:
394 2447 479 2526 quod
515 2445 656 2527 prefatus
688 2445 850 2507 lohannes
880 2464 975 2526 super
1007 2444 1159 2504 omnibus
1190 2441 1299 2502 litibus
1324 2455 1356 2503 et
1380 2443 1491 2503 causis

215 2549 380 2630 hucusque
407 2551 487 2612 inter
512 2552 597 2632 ipsos
621 2551 781 2612 ventilatis
799 2564 830 2611 et
853 2550 1034 2631 specialiter
1058 2549 1096 2609 de
1116 2549 1191 2609 dote
1216 2560 1247 2608 et
1271 2547 1368 2609 rebus
1394 2568 1490 2630 paru·

216 2653 390 2716 lernalibus
408 2656 574 2718 Elizabeth
600 2656 697 2717 filiam
716 2676 804 2716 suam
823 2656 1028 2736 tangentibus
1045 2654 1186 2737 plenarie
1209 2666 1240 2715 et
1256 2655 1489 2716 omnimodam

215 2760 470 2822 satisfaccionem
497 2762 710 2844 inpendisset;
735 2782 830 2843 super
854 2763 972 2843 quibus
1000 2762 1153 2822 omnibus
1178 2760 1342 2841 premissis
1366 2758 1486 2841 prefati

217 2868 355 2949 Mathey,
386 2868 566 2929 Pcrthlinus
590 2883 620 2929 et
652 2868 820 2929 Elisabeth
852 2887 984 2929 consors
1015 2867 1160 2928 eiusdem
1186 2865 1341 2928 Perthlini
1374 2867 1487 2927 reddi-

216 2975 330 3034 derunt
362 2994 418 3054 per
449 2975 558 3035 omnia
591 2974 794 3056 expeditum3
819 2974 927 3036 literas
959 2974 1072 3052 eciam,
1104 2973 1128 3032 si
1165 2992 1245 3054 quas
1276 2985 1387 3033 contra
1415 2992 1488 3054 pre·

216 3080 369 3161 scriptum
396 3080 575 3140 iohannem
593 3080 871 3161 qualitercumque
888 3099 984 3161 super
1001 3079 1094 3141 dictis
1111 3080 1205 3139 rebus
1222 3075 1487 3160 paralernalibus

216 3200 427 3263 emanassent,
451 3206 548 3246 vanas
571 3186 770 3266 reliquimus.

323 3292 399 3352 ltem
425 3305 542 3353 rectam
568 3305 598 3352 et
622 3292 768 3372 equalem
788 3291 993 3352 medietatem
1010 3290 1177 3351 cuiusdam
1202 3289 1319 3351 domus
1345 3289 1485 3372 Georgii

216 3396 295 3458 fabri
321 3396 407 3458 lratri
433 3417 491 3458 suo
516 3397 771 3478 adjudicavimus
794 3397 849 3458 tali
878 3397 988 3476 modo,
1013 3398 1101 3478 quod
1126 3398 1231 3478 ipsum
1252 3415 1390 3478 puerum
1412 3397 1487 3459 Bla-

215 3504 280 3564 sius
304 3519 459 3583 cognatus
483 3523 558 3563 suus
582 3504 613 3563 in
633 3503 744 3564 eadem
770 3522 958 3564 conservare
976 3503 1082 3581 debet,
1106 3503 1185 3563 etsi
1210 3503 1314 3584 ipsum
1341 3523 1486 3584 puerum

214 3610 282 3671 sine
307 3609 478 3670 heredibus
510 3609 591 3669 mori
624 3610 834 3689 contingerit,
871 3623 985 3670 extunc
1018 3609 1084 3690 ipsa
1111 3609 1266 3670 medietas
1298 3608 1418 3669 domus
1445 3610 1487 3671 ad

215 3716 318 3797 ipsum
346 3716 486 3776 blasium
511 3729 541 3777 et
565 3735 640 3777 suos
664 3716 796 3777 heredes
820 3715 949 3777 devolvi
974 3729 1090 3797 posset.

320 3823 397 3883 ltem
423 3822 535 3884 Crisan
563 3842 663 3903 usque
686 3823 866 3904 quindenas
885 3823 978 3883 Petro
995 3821 1074 3883 duas
1092 3841 1213 3883 marcas
1229 3822 1355 3883 solvere
1373 3822 1486 3886 debet.

419 4079 453 4149 ln
483 4079 568 4150 lesto
598 4081 824 4150 conversionis
853 4079 942 4149 beati
972 4078 1068 4148 Pauli
1098 4078 1253 4167 apostoli.

716 4227 781 4311 (25.
806 4230 972 4312 feretrarii).

322 4372 397 4433 ltem
424 4371 586 4433 lohannes
609 4372 693 4433 filius
718 4372 825 4433 Jacobi
849 4372 923 4433 dicti
952 4373 1040 4450 bole,
1064 4371 1195 4454 juratus,
1226 4371 1266 4431 ab
1292 4390 1366 4450 una,
1392 4388 1488 4454 parte

215 4497 290 4539 vero
308 4497 344 4537 ex
362 4478 459 4539 altera
485 4479 596 4539 Petrus
622 4479 774 4556 literatus,
802 4478 886 4539 idem
906 4477 1068 4539 lohannes
1092 4491 1138 4539 est
1162 4475 1327 4539 confessus
1345 4477 1377 4537 in
1399 4477 1490 4542 hunc

217 4584 362 4661 modum,
387 4584 475 4665 quod
501 4583 641 4664 prefatus
672 4586 783 4646 Petrus
808 4583 950 4644 literatus
979 4584 1038 4643 sibi
1071 4583 1210 4644 sedecim
1247 4581 1378 4643 florenis
1403 4587 1490 4662 auri,

215 4691 333 4771 quibus
349 4691 408 4751 sibi
419 4691 546 4752 debitor
560 4690 669 4753 luisset
679 4691 819 4772 plenarie
835 4691 997 4771 persolvit,
1012 4709 1107 4772 super
1125 4691 1241 4772 quibus
1258 4690 1400 4751 sedecim
1414 4688 1489 4756 flor.

215 4796 282 4858 auri
316 4796 382 4879 ipse
407 4797 569 4858 lohannes
593 4797 714 4858 dictum
740 4797 868 4858 Petrum
900 4795 1039 4857 reddidit
1069 4815 1124 4877 per
1149 4795 1259 4856 omnia
1284 4794 1491 4878 expeditum.
