3404 5362
214 326 276 386 268
588 328 674 384 Anno
696 324 792 403 1386.
815 361 858 370 -
880 340 909 403 7.
933 327 1092 388 decembris.

319 537 395 599 Item
422 537 507 600 idem
541 538 704 599 Iohannes
738 539 884 600 sImiliter
915 538 1004 599 solus
1035 557 1130 620 super
1162 558 1202 599 eo
1233 537 1363 619 jurabit,
1396 538 1480 620 quod

214 643 281 724 ipse
306 644 351 705 nil
377 644 449 726 plus
473 644 512 704 de
537 645 680 726 quodam
707 645 782 705 vino
806 658 911 726 preter
935 662 989 703 sex
1019 663 1142 705 marcas
1166 644 1377 708 tabernasset.

319 750 397 812 Item
431 750 517 812 idem
542 749 705 811 Iohannes
728 751 874 812 similiter
906 750 994 810 solus
1019 763 1133 811 octavo
1165 750 1217 810 die
1242 769 1316 811 cum
1344 750 1481 832 quadam

212 857 361 940 pecunia,
386 858 474 939 quod
500 872 545 919 est
569 857 600 919 in
626 857 751 919 duabus
777 857 865 935 dicis,
891 856 1018 917 debitor
1042 875 1108 917 non
1132 870 1224 918 esset.

319 963 398 1024 Item
424 963 510 1025 idem
535 962 697 1044 Georgius
720 976 834 1024 octavo
859 961 911 1023 die
944 961 1032 1023 solus
1056 980 1152 1044 super
1176 980 1215 1022 eo
1239 960 1372 1042 jurabit,
1397 961 1482 1042 quod

213 1070 280 1152 ipse
307 1088 373 1130 non
398 1069 471 1151 plus
495 1069 534 1130 de
559 1069 703 1151 quodam
724 1069 801 1129 vitto
825 1082 930 1151 preter
946 1067 1158 1148 quadraginta
1183 1066 1264 1128 duas
1289 1086 1414 1128 marcas
1438 1087 1482 1128 re·

213 1176 356 1257 cepisset.
796 1233 800 1240 .

321 1284 399 1345 Item
425 1283 521 1345 iidem
548 1286 644 1345 ambo
669 1281 830 1344 defectum
854 1282 978 1343 solvere
1003 1282 1130 1344 debent.

319 1501 418 1575 Ieria
443 1513 541 1573 sexta
569 1508 648 1573 ante
676 1502 799 1573 testum
828 1501 1063 1591 conceptionis
1091 1502 1188 1573 beate
1220 1503 1378 1591 virginis.

725 1656 767 1732 (7.
791 1653 969 1732 decembris).

323 1797 401 1858 Item
426 1796 586 1878 Georgius
610 1796 689 1876 vigil
714 1809 744 1857 et
768 1795 910 1857 Briccius
941 1809 1051 1857 contra
1079 1796 1147 1857 Iuri
1172 1795 1278 1876 primo
1305 1795 1395 1857 citati
1421 1814 1483 1856 non

216 1916 476 1985 comparuerunt.

321 2009 398 2070 Item
428 2028 520 2070 causa
547 2008 671 2069 Mareni
689 2021 799 2069 contra
823 2006 958 2068 voschar
975 2007 1014 2068 ad
1040 2007 1180 2088 prImum
1197 2005 1359 2087 judicium
1385 2026 1484 2088 usque

214 2117 254 2179 ad
280 2117 455 2178 adventum
480 2115 555 2176 dicti
581 2114 703 2175 Mareni
729 2127 775 2175 est
799 2127 981 2194 prorogata.

323 2222 400 2283 Item
437 2241 530 2282 causa
562 2219 719 2281 Anthonii
753 2219 868 2281 literati
900 2232 1009 2280 contra
1043 2219 1196 2300 Egidium
1227 2217 1433 2279 sacerdotem
1457 2231 1486 2279 et

215 2330 351 2391 Paulum
378 2348 479 2409 usque
504 2342 578 2389 octo
604 2326 671 2386 dies
696 2340 742 2386 est
766 2340 947 2406 prorogata.

322 2436 400 2496 Item
427 2433 607 2515 Stephanus
632 2445 733 2493 sartor
757 2446 867 2492 contra
893 2431 1000 2493 Mathe
1029 2431 1135 2513 primo
1167 2431 1282 2493 citatus
1306 2450 1375 2492 non
1400 2449 1485 2492 com·

214 2542 330 2625 paruit.

321 2646 399 2706 Item
433 2645 566 2726 Iursych
592 2658 701 2706 contra
727 2644 841 2705 KusiIo
866 2643 972 2723 primo
997 2643 1111 2705 citatus
1134 2661 1200 2704 non
1225 2643 1421 2725 comparuit.

322 2752 400 2813 Item
425 2750 513 2830 quod
538 2751 614 2831 quia
639 2752 727 2811 LuIta
758 2765 788 2811 et
821 2750 889 2811 eius
919 2748 984 2810 filia
1021 2749 1060 2810 de
1085 2748 1169 2830 Vgra
1202 2747 1429 2810 testImonium
1454 2749 1484 2809 iu

215 2857 298 2919 iacto
320 2856 487 2918 cuiusdam
519 2856 626 2916 scrinii
655 2871 766 2917 contra
789 2856 1005 2937 Dragozlaum
1031 2854 1207 2936 producere
1236 2854 1393 2916 debentes
1421 2873 1485 2916 non

215 2965 436 3049 produxerunt
460 2976 494 3023 ut
519 2963 680 3024 debebant
703 2962 734 3022 in
768 2982 806 3023 eo
836 2962 996 3040 videlicet,
1021 2962 1109 3043 quod
1142 2980 1208 3022 non
1232 2959 1486 3023 testificaverunt

216 3072 297 3132 sicut
321 3070 518 3148 debuerunt,
545 3071 618 3130 ideo
642 3070 701 3151 ipsi
727 3071 816 3130 LuIta
842 3083 872 3130 et
903 3088 958 3130 sua
991 3067 1056 3129 filia
1081 3087 1209 3129 causam
1242 3067 1391 3149 ipsorum
1416 3087 1485 3150 per·

216 3175 376 3237 diderunt.

322 3282 399 3342 Item
433 3280 581 3363 Mychael
615 3281 835 3342 stachunarius
868 3297 977 3342 contra
1011 3280 1164 3343 Sciturich
1196 3280 1340 3341 secundo
1373 3281 1485 3341 citatus

216 3406 280 3448 non
310 3388 498 3467 comparuit.

323 3493 397 3553 Item
424 3512 517 3553 causa
542 3493 690 3554 Mauricii
721 3505 831 3553 contra
857 3493 984 3575 Kupich
1014 3512 1116 3576 usque
1148 3506 1222 3555 octo
1248 3493 1316 3554 dies
1341 3506 1389 3554 est
1412 3512 1483 3574 pro·

215 3615 336 3681 rogata.

320 3705 396 3765 Item
424 3705 547 3766 Blasius
572 3706 661 3767 faber
686 3721 795 3769 contra
821 3706 979 3766 Briccium
1005 3706 1148 3767 secundo
1172 3705 1286 3767 citatus
1305 3725 1372 3766 non
1397 3724 1484 3766 com·

215 3812 331 3894 paruit.

321 3918 398 3979 Item
417 3919 529 3981 Petrus
548 3919 721 3999 Hungarus
745 3933 854 3980 contra
874 3918 1090 3999 Dragozlaum
1119 3915 1261 3978 secundo
1286 3917 1402 3979 citatus
1420 3937 1485 3979 non

216 4026 406 4105 comparuit.

323 4130 400 4191 Item
426 4131 547 4213 Symon
579 4133 679 4213 pistor
704 4145 813 4191 contra
848 4131 1020 4192 Nicolaum
1049 4129 1251 4212 Lipouschak
1284 4143 1401 4191 octavo
1434 4129 1484 4191 die

217 4236 434 4317 respondebit.

323 4341 401 4402 Item
427 4342 561 4424 Paulym
588 4356 697 4404 contra
722 4341 822 4402 Vorih
847 4342 951 4423 prImo
976 4343 1089 4403 citatus
1113 4362 1178 4403 non
1203 4341 1394 4422 comparuit.

323 4447 398 4508 Item
419 4448 525 4509 Mathe
550 4464 659 4510 contra
684 4447 842 4509 Wrouich
868 4449 973 4529 prImo
1005 4449 1117 4511 citatus
1142 4468 1206 4509 non
1231 4449 1424 4528 comparuit.

323 4552 399 4613 Item
426 4573 519 4614 causa
546 4554 699 4616 Iohannis
731 4553 787 4614 filii
813 4554 892 4615 Bole
928 4569 1038 4615 contra
1065 4555 1157 4636 Piper
1190 4572 1290 4635 usque
1316 4566 1392 4615 octo
1417 4554 1487 4616 dies

216 4672 262 4719 est
285 4674 454 4739 prorogata
480 4680 518 4720 eo
536 4661 644 4739 modo,
670 4660 758 4742 quod
780 4661 846 4721 sive
871 4661 978 4722 veniat
1000 4661 1065 4742 ipse
1084 4661 1190 4722 Mathe
1208 4661 1274 4721 sive
1291 4678 1357 4720 non
1375 4673 1484 4722 tamen

215 4762 372 4844 justiciam
402 4764 562 4828 faciemus.
