<?xml version="1.0" encoding="UTF-8"?>
<!DOCTYPE html PUBLIC "-//W3C//DTD XHTML 1.0 Transitional//EN"
    "http://www.w3.org/TR/xhtml1/DTD/xhtml1-transitional.dtd">
<html xmlns="http://www.w3.org/1999/xhtml" xml:lang="en" lang="en">
 <head>
  <title>
</title>
<meta http-equiv="Content-Type" content="text/html;charset=utf-8" />
  <meta name='ocr-system' content='tesseract 3.04.00' />
  <meta name='ocr-capabilities' content='ocr_page ocr_carea ocr_par ocr_line ocrx_word'/>
</head>
<body>
  <div class='ocr_page' id='page_1' title='image "./monumentahistor04laszgoog/monumentahistor04laszgoog_0325.png"; bbox 0 0 3404 5362; ppageno 0'>
   <div class='ocr_carea' id='block_1_1' title="bbox 338 326 1235 415">
    <p class='ocr_par' dir='ltr' id='par_1_1' title="bbox 338 326 1235 415">
     <span class='ocr_line' id='line_1_1' title="bbox 338 326 1235 415; baseline -0.007 -21"><span class='ocrx_word' id='word_1_1' title='bbox 338 334 399 415; x_wconf 85' lang='lat'>276</span> <span class='ocrx_word' id='word_1_2' title='bbox 700 326 898 408; x_wconf 78' lang='lat' dir='ltr'>Ann01387.</span> <span class='ocrx_word' id='word_1_3' title='bbox 925 365 964 374; x_wconf 90' lang='lat'>—</span> <span class='ocrx_word' id='word_1_4' title='bbox 990 345 1037 405; x_wconf 72' lang='lat'>13.</span> <span class='ocrx_word' id='word_1_5' title='bbox 1061 329 1235 404; x_wconf 81' lang='lat' dir='ltr'><em>septembris.</em></span> 
     </span>
    </p>
   </div>
   <div class='ocr_carea' id='block_1_2' title="bbox 1541 402 1607 433">
    <p class='ocr_par' dir='ltr' id='par_1_2' title="bbox 1541 402 1607 433">
     <span class='ocr_line' id='line_1_2' title="bbox 1541 402 1607 433; baseline 0 -2"><span class='ocrx_word' id='word_1_6' title='bbox 1541 402 1607 433; x_wconf 62' lang='lat' dir='ltr'><em>f</em></span> 
     </span>
    </p>
   </div>
   <div class='ocr_carea' id='block_1_3' title="bbox 337 537 1700 2114">
    <p class='ocr_par' dir='ltr' id='par_1_3' title="bbox 442 537 1564 626">
     <span class='ocr_line' id='line_1_3' title="bbox 442 537 1564 626; baseline -0.009 -21"><span class='ocrx_word' id='word_1_7' title='bbox 442 545 519 606; x_wconf 89' lang='lat' dir='ltr'>ltem</span> <span class='ocrx_word' id='word_1_8' title='bbox 544 545 662 626; x_wconf 91' lang='lat' dir='ltr'>lglicha</span> <span class='ocrx_word' id='word_1_9' title='bbox 686 558 795 606; x_wconf 90' lang='lat' dir='ltr'>contra</span> <span class='ocrx_word' id='word_1_10' title='bbox 813 543 946 606; x_wconf 91' lang='lat' dir='ltr'>Gallum</span> <span class='ocrx_word' id='word_1_11' title='bbox 970 541 1113 604; x_wconf 89' lang='lat' dir='ltr'>secundo</span> <span class='ocrx_word' id='word_1_12' title='bbox 1138 541 1253 603; x_wconf 90' lang='lat' dir='ltr'>citatus</span> <span class='ocrx_word' id='word_1_13' title='bbox 1276 560 1342 601; x_wconf 94' lang='lat' dir='ltr'>non</span> <span class='ocrx_word' id='word_1_14' title='bbox 1367 537 1564 621; x_wconf 82' lang='lat' dir='ltr'>comparuit.</span> 
     </span>
    </p>

    <p class='ocr_par' dir='ltr' id='par_1_4' title="bbox 337 627 1649 839">
     <span class='ocr_line' id='line_1_4' title="bbox 443 627 1649 732; baseline -0.006 -21"><span class='ocrx_word' id='word_1_15' title='bbox 443 651 521 712; x_wconf 89' lang='lat' dir='ltr'>Item</span> <span class='ocrx_word' id='word_1_16' title='bbox 556 650 723 732; x_wconf 88' lang='lat' dir='ltr'>Philippus</span> <span class='ocrx_word' id='word_1_17' title='bbox 755 650 899 712; x_wconf 90' lang='lat' dir='ltr'>medicus</span> <span class='ocrx_word' id='word_1_18' title='bbox 931 661 1041 711; x_wconf 90' lang='lat' dir='ltr'>contra</span> <span class='ocrx_word' id='word_1_19' title='bbox 1075 645 1223 709; x_wconf 90' lang='lat' dir='ltr'>Matheus</span> <span class='ocrx_word' id='word_1_20' title='bbox 1259 646 1365 729; x_wconf 91' lang='lat' dir='ltr'>primo</span> <span class='ocrx_word' id='word_1_21' title='bbox 1396 644 1510 707; x_wconf 88' lang='lat' dir='ltr'>citatus</span> <span class='ocrx_word' id='word_1_22' title='bbox 1539 627 1649 704; x_wconf 62' lang='lat'>110⁹</span> 
     </span>
     <span class='ocr_line' id='line_1_5' title="bbox 337 758 526 839; baseline 0 -20"><span class='ocrx_word' id='word_1_23' title='bbox 337 758 526 839; x_wconf 84' lang='lat' dir='ltr'>comparuit.</span> 
     </span>
    </p>

    <p class='ocr_par' dir='ltr' id='par_1_5' title="bbox 338 837 1677 1052">
     <span class='ocr_line' id='line_1_6' title="bbox 442 837 1677 944; baseline -0.006 -20"><span class='ocrx_word' id='word_1_24' title='bbox 442 863 520 925; x_wconf 91' lang='lat' dir='ltr'>ltem</span> <span class='ocrx_word' id='word_1_25' title='bbox 545 863 716 925; x_wconf 90' lang='lat' dir='ltr'>Barthulus</span> <span class='ocrx_word' id='word_1_26' title='bbox 737 862 876 944; x_wconf 81' lang='lat' dir='ltr'>lapicida</span> <span class='ocrx_word' id='word_1_27' title='bbox 901 876 1011 923; x_wconf 89' lang='lat' dir='ltr'>contra</span> <span class='ocrx_word' id='word_1_28' title='bbox 1037 860 1247 923; x_wconf 89' lang='lat' dir='ltr'>Dominicum</span> <span class='ocrx_word' id='word_1_29' title='bbox 1272 859 1378 942; x_wconf 88' lang='lat' dir='ltr'>primo</span> <span class='ocrx_word' id='word_1_30' title='bbox 1409 858 1525 920; x_wconf 88' lang='lat' dir='ltr'>citatus</span> <span class='ocrx_word' id='word_1_31' title='bbox 1543 837 1677 918; x_wconf 65' lang='lat' dir='ltr'>n0n</span> 
     </span>
     <span class='ocr_line' id='line_1_7' title="bbox 338 970 528 1052; baseline 0.005 -21"><span class='ocrx_word' id='word_1_32' title='bbox 338 970 528 1052; x_wconf 82' lang='lat' dir='ltr'>comparuit.</span> 
     </span>
    </p>

    <p class='ocr_par' dir='ltr' id='par_1_6' title="bbox 340 1051 1700 1370">
     <span class='ocr_line' id='line_1_8' title="bbox 445 1051 1700 1157; baseline -0.002 -21"><span class='ocrx_word' id='word_1_33' title='bbox 445 1076 521 1137; x_wconf 84' lang='lat' dir='ltr'>Item</span> <span class='ocrx_word' id='word_1_34' title='bbox 556 1075 754 1157; x_wconf 88' lang='lat' dir='ltr'>Dragozlaus</span> <span class='ocrx_word' id='word_1_35' title='bbox 786 1089 900 1137; x_wconf 90' lang='lat' dir='ltr'>octavo</span> <span class='ocrx_word' id='word_1_36' title='bbox 934 1074 986 1135; x_wconf 91' lang='lat' dir='ltr'>die</span> <span class='ocrx_word' id='word_1_37' title='bbox 1018 1093 1113 1155; x_wconf 89' lang='lat' dir='ltr'>super</span> <span class='ocrx_word' id='word_1_38' title='bbox 1142 1093 1181 1134; x_wconf 92' lang='lat' dir='ltr'>eo</span> <span class='ocrx_word' id='word_1_39' title='bbox 1214 1071 1341 1153; x_wconf 81' lang='lat' dir='ltr'>jurabit,</span> <span class='ocrx_word' id='word_1_40' title='bbox 1374 1071 1465 1154; x_wconf 91' lang='lat' dir='ltr'>quod</span> <span class='ocrx_word' id='word_1_41' title='bbox 1499 1051 1700 1134; x_wconf 57' lang='grc' dir='ltr'>Ρεῑτ118</span> 
     </span>
     <span class='ocr_line' id='line_1_9' title="bbox 342 1179 1577 1262; baseline -0.002 -18"><span class='ocrx_word' id='word_1_42' title='bbox 342 1181 481 1244; x_wconf 81' lang='lat' dir='ltr'>carnifex</span> <span class='ocrx_word' id='word_1_43' title='bbox 507 1202 606 1243; x_wconf 94' lang='lat' dir='ltr'>unum</span> <span class='ocrx_word' id='word_1_44' title='bbox 631 1184 747 1243; x_wconf 91' lang='lat' dir='ltr'>bovem</span> <span class='ocrx_word' id='word_1_45' title='bbox 772 1196 802 1243; x_wconf 91' lang='lat' dir='ltr'>et</span> <span class='ocrx_word' id='word_1_46' title='bbox 826 1201 923 1242; x_wconf 92' lang='lat' dir='ltr'>unam</span> <span class='ocrx_word' id='word_1_47' title='bbox 953 1200 1082 1242; x_wconf 89' lang='lat' dir='ltr'>vaccam</span> <span class='ocrx_word' id='word_1_48' title='bbox 1114 1179 1214 1262; x_wconf 88' lang='lat' dir='ltr'>ipsius</span> <span class='ocrx_word' id='word_1_49' title='bbox 1238 1180 1412 1260; x_wconf 87' lang='lat' dir='ltr'>Dragozlai</span> <span class='ocrx_word' id='word_1_50' title='bbox 1438 1200 1496 1261; x_wconf 89' lang='lat' dir='ltr'>per</span> <span class='ocrx_word' id='word_1_51' title='bbox 1520 1201 1577 1242; x_wconf 89' lang='lat' dir='ltr'>sua</span> 
     </span>
     <span class='ocr_line' id='line_1_10' title="bbox 340 1289 726 1370; baseline 0 -20"><span class='ocrx_word' id='word_1_52' title='bbox 340 1289 500 1350; x_wconf 82' lang='lat' dir='ltr'>maliciam</span> <span class='ocrx_word' id='word_1_53' title='bbox 527 1289 726 1370; x_wconf 86' lang='lat' dir='ltr'>perdidisset.</span> 
     </span>
    </p>

    <p class='ocr_par' dir='ltr' id='par_1_7' title="bbox 341 1389 1639 1669">
     <span class='ocr_line' id='line_1_11' title="bbox 448 1389 1609 1476; baseline 0 -21"><span class='ocrx_word' id='word_1_54' title='bbox 448 1394 525 1455; x_wconf 91' lang='lat' dir='ltr'>ltem</span> <span class='ocrx_word' id='word_1_55' title='bbox 551 1395 635 1456; x_wconf 92' lang='lat' dir='ltr'>idem</span> <span class='ocrx_word' id='word_1_56' title='bbox 663 1394 862 1475; x_wconf 89' lang='lat' dir='ltr'>Dragozlaus</span> <span class='ocrx_word' id='word_1_57' title='bbox 885 1393 1033 1455; x_wconf 91' lang='lat' dir='ltr'>similiter</span> <span class='ocrx_word' id='word_1_58' title='bbox 1064 1407 1179 1455; x_wconf 88' lang='lat' dir='ltr'>octavo</span> <span class='ocrx_word' id='word_1_59' title='bbox 1204 1394 1256 1455; x_wconf 90' lang='lat' dir='ltr'>die</span> <span class='ocrx_word' id='word_1_60' title='bbox 1281 1413 1377 1476; x_wconf 89' lang='lat' dir='ltr'>super</span> <span class='ocrx_word' id='word_1_61' title='bbox 1410 1412 1452 1455; x_wconf 87' lang='lat' dir='ltr'>eo</span> <span class='ocrx_word' id='word_1_62' title='bbox 1483 1389 1609 1473; x_wconf 63' lang='lat' dir='ltr'>jurab?</span> 
     </span>
     <span class='ocr_line' id='line_1_12' title="bbox 341 1498 1639 1583; baseline -0.002 -21"><span class='ocrx_word' id='word_1_63' title='bbox 341 1500 429 1581; x_wconf 88' lang='lat' dir='ltr'>quod</span> <span class='ocrx_word' id='word_1_64' title='bbox 455 1501 520 1582; x_wconf 90' lang='lat' dir='ltr'>ipse</span> <span class='ocrx_word' id='word_1_65' title='bbox 546 1500 690 1582; x_wconf 88' lang='lat' dir='ltr'>predicto</span> <span class='ocrx_word' id='word_1_66' title='bbox 716 1501 809 1562; x_wconf 88' lang='lat' dir='ltr'>Petro</span> <span class='ocrx_word' id='word_1_67' title='bbox 834 1498 973 1561; x_wconf 88' lang='lat' dir='ltr'>carnifici</span> <span class='ocrx_word' id='word_1_68' title='bbox 998 1520 1052 1561; x_wconf 85' lang='lat' dir='ltr'>sex</span> <span class='ocrx_word' id='word_1_69' title='bbox 1077 1520 1200 1561; x_wconf 89' lang='lat' dir='ltr'>marcas</span> <span class='ocrx_word' id='word_1_70' title='bbox 1224 1500 1435 1562; x_wconf 88' lang='lat' dir='ltr'>denariorum</span> <span class='ocrx_word' id='word_1_71' title='bbox 1463 1519 1531 1561; x_wconf 90' lang='lat' dir='ltr'>non</span> <span class='ocrx_word' id='word_1_72' title='bbox 1557 1506 1639 1583; x_wconf 69' lang='lat' dir='ltr'>pr‘</span> 
     </span>
     <span class='ocr_line' id='line_1_13' title="bbox 342 1606 880 1669; baseline 0 0"><span class='ocrx_word' id='word_1_73' title='bbox 342 1607 488 1669; x_wconf 90' lang='lat' dir='ltr'>mercede</span> <span class='ocrx_word' id='word_1_74' title='bbox 513 1606 568 1668; x_wconf 92' lang='lat' dir='ltr'>sed</span> <span class='ocrx_word' id='word_1_75' title='bbox 593 1621 706 1668; x_wconf 91' lang='lat' dir='ltr'>mutuo</span> <span class='ocrx_word' id='word_1_76' title='bbox 731 1607 880 1669; x_wconf 86' lang='lat' dir='ltr'>dedisset.</span> 
     </span>
    </p>

    <p class='ocr_par' dir='ltr' id='par_1_8' title="bbox 340 1711 1596 1902">
     <span class='ocr_line' id='line_1_14' title="bbox 451 1711 1596 1794; baseline 0.001 -21"><span class='ocrx_word' id='word_1_77' title='bbox 451 1714 530 1775; x_wconf 90' lang='lat' dir='ltr'>ltem</span> <span class='ocrx_word' id='word_1_78' title='bbox 554 1713 638 1774; x_wconf 92' lang='lat' dir='ltr'>idem</span> <span class='ocrx_word' id='word_1_79' title='bbox 665 1714 776 1775; x_wconf 86' lang='lat' dir='ltr'>Petrus</span> <span class='ocrx_word' id='word_1_80' title='bbox 793 1712 932 1775; x_wconf 84' lang='lat' dir='ltr'>carnifex</span> <span class='ocrx_word' id='word_1_81' title='bbox 958 1732 1053 1794; x_wconf 92' lang='lat' dir='ltr'>super</span> <span class='ocrx_word' id='word_1_82' title='bbox 1070 1732 1109 1774; x_wconf 94' lang='lat' dir='ltr'>eo</span> <span class='ocrx_word' id='word_1_83' title='bbox 1126 1712 1253 1794; x_wconf 82' lang='lat' dir='ltr'>jurabit,</span> <span class='ocrx_word' id='word_1_84' title='bbox 1279 1712 1367 1793; x_wconf 91' lang='lat' dir='ltr'>quod</span> <span class='ocrx_word' id='word_1_85' title='bbox 1391 1712 1461 1793; x_wconf 89' lang='lat' dir='ltr'>ipse</span> <span class='ocrx_word' id='word_1_86' title='bbox 1478 1713 1512 1774; x_wconf 95' lang='lat' dir='ltr'>in</span> <span class='ocrx_word' id='word_1_87' title='bbox 1531 1711 1596 1775; x_wconf 86' lang='lat' dir='ltr'>lact</span> 
     </span>
     <span class='ocr_line' id='line_1_15' title="bbox 340 1819 1084 1902; baseline -0.003 -20"><span class='ocrx_word' id='word_1_88' title='bbox 340 1820 536 1902; x_wconf 80' lang='lat' dir='ltr'>perditionis</span> <span class='ocrx_word' id='word_1_89' title='bbox 559 1819 725 1881; x_wconf 89' lang='lat' dir='ltr'>cuiusdam</span> <span class='ocrx_word' id='word_1_90' title='bbox 750 1834 824 1900; x_wconf 91' lang='lat' dir='ltr'>toge</span> <span class='ocrx_word' id='word_1_91' title='bbox 850 1820 1005 1880; x_wconf 87' lang='lat' dir='ltr'>innocens</span> <span class='ocrx_word' id='word_1_92' title='bbox 1029 1832 1084 1880; x_wconf 88' lang='lat' dir='ltr'>est.</span> 
     </span>
    </p>

    <p class='ocr_par' dir='ltr' id='par_1_9' title="bbox 340 1923 1671 2114">
     <span class='ocr_line' id='line_1_16' title="bbox 449 1923 1671 2006; baseline 0 -20"><span class='ocrx_word' id='word_1_93' title='bbox 449 1926 526 1987; x_wconf 91' lang='lat' dir='ltr'>ltem</span> <span class='ocrx_word' id='word_1_94' title='bbox 551 1925 704 1986; x_wconf 89' lang='lat' dir='ltr'>Nicolaus</span> <span class='ocrx_word' id='word_1_95' title='bbox 729 1940 759 1986; x_wconf 92' lang='lat' dir='ltr'>et</span> <span class='ocrx_word' id='word_1_96' title='bbox 776 1924 952 2006; x_wconf 84' lang='lat' dir='ltr'>Gregorius</span> <span class='ocrx_word' id='word_1_97' title='bbox 969 1924 1108 1986; x_wconf 91' lang='lat' dir='ltr'>condam</span> <span class='ocrx_word' id='word_1_98' title='bbox 1133 1925 1298 1986; x_wconf 91' lang='lat' dir='ltr'>castellani</span> <span class='ocrx_word' id='word_1_99' title='bbox 1325 1924 1365 1985; x_wconf 91' lang='lat' dir='ltr'>de</span> <span class='ocrx_word' id='word_1_100' title='bbox 1390 1923 1476 1986; x_wconf 89' lang='lat' dir='ltr'>Ozel</span> <span class='ocrx_word' id='word_1_101' title='bbox 1500 1945 1610 1988; x_wconf 88' lang='lat' dir='ltr'>secun</span> <span class='ocrx_word' id='word_1_102' title='bbox 1660 1944 1671 1951; x_wconf 71' lang='grc'><strong><em>’</em></strong></span> 
     </span>
     <span class='ocr_line' id='line_1_17' title="bbox 340 2032 1331 2114; baseline 0 -21"><span class='ocrx_word' id='word_1_103' title='bbox 340 2033 429 2095; x_wconf 90' lang='lat' dir='ltr'>dario</span> <span class='ocrx_word' id='word_1_104' title='bbox 454 2032 493 2093; x_wconf 90' lang='lat' dir='ltr'>ad</span> <span class='ocrx_word' id='word_1_105' title='bbox 519 2032 673 2113; x_wconf 88' lang='lat' dir='ltr'>judicium</span> <span class='ocrx_word' id='word_1_106' title='bbox 698 2045 808 2093; x_wconf 90' lang='lat' dir='ltr'>contra</span> <span class='ocrx_word' id='word_1_107' title='bbox 833 2032 963 2093; x_wconf 89' lang='lat' dir='ltr'>Petrum</span> <span class='ocrx_word' id='word_1_108' title='bbox 988 2050 1053 2093; x_wconf 91' lang='lat' dir='ltr'>non</span> <span class='ocrx_word' id='word_1_109' title='bbox 1071 2045 1331 2114; x_wconf 89' lang='lat' dir='ltr'>comparuerunt.</span> 
     </span>
    </p>
   </div>
   <div class='ocr_carea' id='block_1_4' title="bbox 358 2267 1596 2358">
    <p class='ocr_par' dir='ltr' id='par_1_10' title="bbox 358 2267 1596 2358">
     <span class='ocr_line' id='line_1_18' title="bbox 358 2267 1596 2358; baseline 0 -17"><span class='ocrx_word' id='word_1_110' title='bbox 358 2268 454 2342; x_wconf 87' lang='lat' dir='ltr'>Feria</span> <span class='ocrx_word' id='word_1_111' title='bbox 483 2278 580 2341; x_wconf 87' lang='lat' dir='ltr'>sexta</span> <span class='ocrx_word' id='word_1_112' title='bbox 610 2272 763 2358; x_wconf 85' lang='lat' dir='ltr'>proxima</span> <span class='ocrx_word' id='word_1_113' title='bbox 793 2276 871 2341; x_wconf 90' lang='lat' dir='ltr'>ante</span> <span class='ocrx_word' id='word_1_114' title='bbox 904 2270 1027 2341; x_wconf 83' lang='lat' dir='ltr'>festum</span> <span class='ocrx_word' id='word_1_115' title='bbox 1055 2267 1286 2341; x_wconf 80' lang='lat' dir='ltr'>Exultacionis</span> <span class='ocrx_word' id='word_1_116' title='bbox 1324 2276 1441 2341; x_wconf 87' lang='lat' dir='ltr'>sancte</span> <span class='ocrx_word' id='word_1_117' title='bbox 1472 2273 1596 2343; x_wconf 89' lang='lat' dir='ltr'>erucis.</span> 
     </span>
    </p>
   </div>
   <div class='ocr_carea' id='block_1_5' title="bbox 837 2423 1118 2500">
    <p class='ocr_par' dir='ltr' id='par_1_11' title="bbox 837 2423 1118 2500">
     <span class='ocr_line' id='line_1_19' title="bbox 837 2423 1118 2500; baseline 0.011 -21"><span class='ocrx_word' id='word_1_118' title='bbox 837 2427 901 2500; x_wconf 77' lang='lat'>(13.</span> <span class='ocrx_word' id='word_1_119' title='bbox 932 2423 1118 2496; x_wconf 83' lang='lat' dir='ltr'>septembris).</span> 
     </span>
    </p>
   </div>
   <div class='ocr_carea' id='block_1_6' title="bbox 342 2562 1634 4877">
    <p class='ocr_par' dir='ltr' id='par_1_12' title="bbox 446 2562 1632 2646">
     <span class='ocr_line' id='line_1_20' title="bbox 446 2562 1632 2646; baseline 0 -22"><span class='ocrx_word' id='word_1_120' title='bbox 446 2564 524 2625; x_wconf 88' lang='lat' dir='ltr'>ltem</span> <span class='ocrx_word' id='word_1_121' title='bbox 542 2563 615 2623; x_wconf 90' lang='lat' dir='ltr'>lvan</span> <span class='ocrx_word' id='word_1_122' title='bbox 634 2562 767 2644; x_wconf 89' lang='lat' dir='ltr'>lelchyn</span> <span class='ocrx_word' id='word_1_123' title='bbox 792 2576 902 2624; x_wconf 90' lang='lat' dir='ltr'>contra</span> <span class='ocrx_word' id='word_1_124' title='bbox 922 2564 1058 2625; x_wconf 86' lang='lat' dir='ltr'>Paulum</span> <span class='ocrx_word' id='word_1_125' title='bbox 1076 2563 1181 2645; x_wconf 91' lang='lat' dir='ltr'>primo</span> <span class='ocrx_word' id='word_1_126' title='bbox 1203 2563 1316 2625; x_wconf 90' lang='lat' dir='ltr'>citatus</span> <span class='ocrx_word' id='word_1_127' title='bbox 1334 2583 1399 2624; x_wconf 93' lang='lat' dir='ltr'>non</span> <span class='ocrx_word' id='word_1_128' title='bbox 1417 2564 1632 2646; x_wconf 67' lang='lat' dir='ltr'>comparuit„</span> 
     </span>
    </p>

    <p class='ocr_par' dir='ltr' id='par_1_13' title="bbox 342 2668 1634 2858">
     <span class='ocr_line' id='line_1_21' title="bbox 448 2668 1634 2751; baseline 0 -22"><span class='ocrx_word' id='word_1_129' title='bbox 448 2668 524 2731; x_wconf 89' lang='lat' dir='ltr'>ltem</span> <span class='ocrx_word' id='word_1_130' title='bbox 558 2689 650 2730; x_wconf 90' lang='lat' dir='ltr'>causa</span> <span class='ocrx_word' id='word_1_131' title='bbox 676 2669 751 2729; x_wconf 93' lang='lat' dir='ltr'>luan</span> <span class='ocrx_word' id='word_1_132' title='bbox 777 2670 894 2730; x_wconf 90' lang='lat' dir='ltr'>sutoris</span> <span class='ocrx_word' id='word_1_133' title='bbox 918 2684 1030 2732; x_wconf 87' lang='lat' dir='ltr'>contra</span> <span class='ocrx_word' id='word_1_134' title='bbox 1055 2669 1210 2751; x_wconf 89' lang='lat' dir='ltr'>lglicham</span> <span class='ocrx_word' id='word_1_135' title='bbox 1243 2689 1344 2751; x_wconf 92' lang='lat' dir='ltr'>usque</span> <span class='ocrx_word' id='word_1_136' title='bbox 1369 2669 1409 2731; x_wconf 93' lang='lat' dir='ltr'>ad</span> <span class='ocrx_word' id='word_1_137' title='bbox 1433 2683 1510 2731; x_wconf 87' lang='lat' dir='ltr'>octo</span> <span class='ocrx_word' id='word_1_138' title='bbox 1547 2670 1634 2732; x_wconf 71' lang='lat' dir='ltr'>die5</span> 
     </span>
     <span class='ocr_line' id='line_1_22' title="bbox 342 2775 750 2858; baseline 0.002 -22"><span class='ocrx_word' id='word_1_139' title='bbox 342 2775 382 2836; x_wconf 91' lang='lat' dir='ltr'>ad</span> <span class='ocrx_word' id='word_1_140' title='bbox 406 2795 519 2858; x_wconf 89' lang='lat' dir='ltr'>pacem</span> <span class='ocrx_word' id='word_1_141' title='bbox 544 2789 591 2836; x_wconf 91' lang='lat' dir='ltr'>est</span> <span class='ocrx_word' id='word_1_142' title='bbox 614 2788 750 2856; x_wconf 90' lang='lat' dir='ltr'>recepta.</span> 
     </span>
    </p>

    <p class='ocr_par' dir='ltr' id='par_1_14' title="bbox 343 2879 1614 3069">
     <span class='ocr_line' id='line_1_23' title="bbox 448 2879 1614 2963; baseline 0.003 -21"><span class='ocrx_word' id='word_1_143' title='bbox 448 2881 526 2943; x_wconf 90' lang='lat' dir='ltr'>ltem</span> <span class='ocrx_word' id='word_1_144' title='bbox 551 2880 718 2963; x_wconf 86' lang='lat' dir='ltr'>Philippus</span> <span class='ocrx_word' id='word_1_145' title='bbox 740 2879 825 2941; x_wconf 87' lang='lat' dir='ltr'>filius</span> <span class='ocrx_word' id='word_1_146' title='bbox 852 2882 968 2943; x_wconf 89' lang='lat' dir='ltr'>medici</span> <span class='ocrx_word' id='word_1_147' title='bbox 986 2896 1095 2944; x_wconf 93' lang='lat' dir='ltr'>contra</span> <span class='ocrx_word' id='word_1_148' title='bbox 1122 2885 1265 2946; x_wconf 91' lang='lat' dir='ltr'>relictam</span> <span class='ocrx_word' id='word_1_149' title='bbox 1290 2882 1471 2946; x_wconf 90' lang='lat' dir='ltr'>Clementis</span> <span class='ocrx_word' id='word_1_150' title='bbox 1495 2897 1614 2947; x_wconf 90' lang='lat' dir='ltr'>octavo</span> 
     </span>
     <span class='ocr_line' id='line_1_24' title="bbox 343 2987 634 3069; baseline 0 -21"><span class='ocrx_word' id='word_1_151' title='bbox 343 2987 394 3048; x_wconf 89' lang='lat' dir='ltr'>die</span> <span class='ocrx_word' id='word_1_152' title='bbox 419 2987 634 3069; x_wconf 84' lang='lat' dir='ltr'>respondebit.</span> 
     </span>
    </p>

    <p class='ocr_par' dir='ltr' id='par_1_15' title="bbox 343 3091 1614 3261">
     <span class='ocr_line' id='line_1_25' title="bbox 450 3091 1614 3176; baseline 0.003 -23"><span class='ocrx_word' id='word_1_153' title='bbox 450 3093 527 3154; x_wconf 92' lang='lat' dir='ltr'>ltem</span> <span class='ocrx_word' id='word_1_154' title='bbox 560 3092 721 3154; x_wconf 91' lang='lat' dir='ltr'>lohannes</span> <span class='ocrx_word' id='word_1_155' title='bbox 746 3091 873 3174; x_wconf 88' lang='lat' dir='ltr'>Graeyn</span> <span class='ocrx_word' id='word_1_156' title='bbox 898 3109 1009 3156; x_wconf 90' lang='lat' dir='ltr'>contra</span> <span class='ocrx_word' id='word_1_157' title='bbox 1035 3096 1217 3157; x_wconf 88' lang='lat' dir='ltr'>Heremitas</span> <span class='ocrx_word' id='word_1_158' title='bbox 1241 3108 1357 3157; x_wconf 86' lang='lat' dir='ltr'>octavo</span> <span class='ocrx_word' id='word_1_159' title='bbox 1382 3094 1435 3157; x_wconf 84' lang='lat' dir='ltr'>die</span> <span class='ocrx_word' id='word_1_160' title='bbox 1460 3094 1530 3176; x_wconf 82' lang='lat' dir='ltr'>jura</span> <span class='ocrx_word' id='word_1_161' title='bbox 1557 3116 1614 3158; x_wconf 90' lang='lat' dir='ltr'>sua</span> 
     </span>
     <span class='ocr_line' id='line_1_26' title="bbox 343 3199 623 3261; baseline 0 -2"><span class='ocrx_word' id='word_1_162' title='bbox 343 3199 491 3260; x_wconf 86' lang='lat' dir='ltr'>exhibere</span> <span class='ocrx_word' id='word_1_163' title='bbox 517 3199 623 3261; x_wconf 88' lang='lat' dir='ltr'>debet.</span> 
     </span>
    </p>

    <p class='ocr_par' dir='ltr' id='par_1_16' title="bbox 344 3305 1614 3495">
     <span class='ocr_line' id='line_1_27' title="bbox 449 3305 1614 3390; baseline 0.004 -25"><span class='ocrx_word' id='word_1_164' title='bbox 449 3305 526 3366; x_wconf 94' lang='lat' dir='ltr'>ltem</span> <span class='ocrx_word' id='word_1_165' title='bbox 552 3325 644 3366; x_wconf 91' lang='lat' dir='ltr'>causa</span> <span class='ocrx_word' id='word_1_166' title='bbox 669 3307 817 3387; x_wconf 81' lang='lat' dir='ltr'>Agustini</span> <span class='ocrx_word' id='word_1_167' title='bbox 842 3307 1016 3369; x_wconf 89' lang='lat' dir='ltr'>sacerdotis</span> <span class='ocrx_word' id='word_1_168' title='bbox 1041 3320 1150 3369; x_wconf 88' lang='lat' dir='ltr'>contra</span> <span class='ocrx_word' id='word_1_169' title='bbox 1180 3307 1316 3369; x_wconf 84' lang='lat' dir='ltr'>Paulum</span> <span class='ocrx_word' id='word_1_170' title='bbox 1341 3320 1486 3369; x_wconf 90' lang='lat' dir='ltr'>sutorem</span> <span class='ocrx_word' id='word_1_171' title='bbox 1511 3327 1614 3390; x_wconf 90' lang='lat' dir='ltr'>usque</span> 
     </span>
     <span class='ocr_line' id='line_1_28' title="bbox 344 3411 1005 3495; baseline 0.005 -23"><span class='ocrx_word' id='word_1_172' title='bbox 344 3411 384 3472; x_wconf 91' lang='lat' dir='ltr'>ad</span> <span class='ocrx_word' id='word_1_173' title='bbox 410 3426 482 3472; x_wconf 91' lang='lat' dir='ltr'>octo</span> <span class='ocrx_word' id='word_1_174' title='bbox 507 3412 575 3472; x_wconf 90' lang='lat' dir='ltr'>dies</span> <span class='ocrx_word' id='word_1_175' title='bbox 596 3412 635 3472; x_wconf 90' lang='lat' dir='ltr'>ad</span> <span class='ocrx_word' id='word_1_176' title='bbox 661 3432 772 3494; x_wconf 88' lang='lat' dir='ltr'>pacem</span> <span class='ocrx_word' id='word_1_177' title='bbox 798 3427 844 3475; x_wconf 91' lang='lat' dir='ltr'>est</span> <span class='ocrx_word' id='word_1_178' title='bbox 869 3428 1005 3495; x_wconf 89' lang='lat' dir='ltr'>recepta.</span> 
     </span>
    </p>

    <p class='ocr_par' dir='ltr' id='par_1_17' title="bbox 344 3517 1615 3703">
     <span class='ocr_line' id='line_1_29' title="bbox 451 3517 1615 3602; baseline 0.003 -26"><span class='ocrx_word' id='word_1_179' title='bbox 451 3517 528 3577; x_wconf 91' lang='lat' dir='ltr'>ltem</span> <span class='ocrx_word' id='word_1_180' title='bbox 547 3518 654 3578; x_wconf 86' lang='lat' dir='ltr'>Marco</span> <span class='ocrx_word' id='word_1_181' title='bbox 681 3517 841 3580; x_wconf 88' lang='lat' dir='ltr'>Gmazach</span> <span class='ocrx_word' id='word_1_182' title='bbox 868 3533 977 3580; x_wconf 92' lang='lat' dir='ltr'>contra</span> <span class='ocrx_word' id='word_1_183' title='bbox 996 3519 1175 3600; x_wconf 82' lang='lat' dir='ltr'>Georgium</span> <span class='ocrx_word' id='word_1_184' title='bbox 1199 3519 1356 3602; x_wconf 89' lang='lat' dir='ltr'>vigil(em)</span> <span class='ocrx_word' id='word_1_185' title='bbox 1373 3520 1481 3602; x_wconf 89' lang='lat' dir='ltr'>primo</span> <span class='ocrx_word' id='word_1_186' title='bbox 1500 3521 1615 3584; x_wconf 88' lang='lat' dir='ltr'>citatus</span> 
     </span>
     <span class='ocr_line' id='line_1_30' title="bbox 344 3623 622 3703; baseline 0 -20"><span class='ocrx_word' id='word_1_187' title='bbox 344 3642 408 3683; x_wconf 93' lang='lat' dir='ltr'>non</span> <span class='ocrx_word' id='word_1_188' title='bbox 434 3623 622 3703; x_wconf 84' lang='lat' dir='ltr'>comparuit.</span> 
     </span>
    </p>

    <p class='ocr_par' dir='ltr' id='par_1_18' title="bbox 345 3729 1614 3918">
     <span class='ocr_line' id='line_1_31' title="bbox 452 3729 1614 3813; baseline 0.006 -25"><span class='ocrx_word' id='word_1_189' title='bbox 452 3729 529 3790; x_wconf 92' lang='lat' dir='ltr'>ltem</span> <span class='ocrx_word' id='word_1_190' title='bbox 554 3729 737 3790; x_wconf 79' lang='lat' dir='ltr'>Anthonius</span> <span class='ocrx_word' id='word_1_191' title='bbox 761 3730 909 3812; x_wconf 88' lang='lat' dir='ltr'>Zytarich</span> <span class='ocrx_word' id='word_1_192' title='bbox 934 3745 1044 3793; x_wconf 90' lang='lat' dir='ltr'>contra</span> <span class='ocrx_word' id='word_1_193' title='bbox 1073 3732 1199 3794; x_wconf 86' lang='lat' dir='ltr'>Miltech</span> <span class='ocrx_word' id='word_1_194' title='bbox 1225 3731 1376 3813; x_wconf 87' lang='lat' dir='ltr'>Magdich</span> <span class='ocrx_word' id='word_1_195' title='bbox 1401 3734 1547 3796; x_wconf 89' lang='lat' dir='ltr'>secundo</span> <span class='ocrx_word' id='word_1_196' title='bbox 1572 3735 1614 3796; x_wconf 93' lang='lat' dir='ltr'>ci·</span> 
     </span>
     <span class='ocr_line' id='line_1_32' title="bbox 345 3837 730 3918; baseline 0.003 -21"><span class='ocrx_word' id='word_1_197' title='bbox 345 3850 428 3897; x_wconf 91' lang='lat' dir='ltr'>tatus</span> <span class='ocrx_word' id='word_1_198' title='bbox 451 3855 516 3896; x_wconf 95' lang='lat' dir='ltr'>non</span> <span class='ocrx_word' id='word_1_199' title='bbox 542 3837 730 3918; x_wconf 91' lang='lat' dir='ltr'>comparuit.</span> 
     </span>
    </p>

    <p class='ocr_par' dir='ltr' id='par_1_19' title="bbox 451 3941 1614 4030">
     <span class='ocr_line' id='line_1_33' title="bbox 451 3941 1614 4030; baseline 0.009 -29"><span class='ocrx_word' id='word_1_200' title='bbox 451 3941 528 4003; x_wconf 93' lang='lat' dir='ltr'>ltem</span> <span class='ocrx_word' id='word_1_201' title='bbox 544 3943 654 4004; x_wconf 85' lang='lat' dir='ltr'>Petrus</span> <span class='ocrx_word' id='word_1_202' title='bbox 668 3943 860 4025; x_wconf 91' lang='lat' dir='ltr'>Herhyngar</span> <span class='ocrx_word' id='word_1_203' title='bbox 873 3958 982 4004; x_wconf 87' lang='lat' dir='ltr'>contra</span> <span class='ocrx_word' id='word_1_204' title='bbox 997 3945 1082 4025; x_wconf 88' lang='lat' dir='ltr'>Span</span> <span class='ocrx_word' id='word_1_205' title='bbox 1097 3946 1202 4026; x_wconf 92' lang='lat' dir='ltr'>primo</span> <span class='ocrx_word' id='word_1_206' title='bbox 1212 3946 1327 4009; x_wconf 90' lang='lat' dir='ltr'>citatus</span> <span class='ocrx_word' id='word_1_207' title='bbox 1339 3966 1406 4009; x_wconf 90' lang='lat' dir='ltr'>non</span> <span class='ocrx_word' id='word_1_208' title='bbox 1420 3949 1614 4030; x_wconf 89' lang='lat' dir='ltr'>comparuit.</span> 
     </span>
    </p>

    <p class='ocr_par' dir='ltr' id='par_1_20' title="bbox 344 4048 1615 4237">
     <span class='ocr_line' id='line_1_34' title="bbox 451 4048 1615 4116; baseline 0.006 -7"><span class='ocrx_word' id='word_1_209' title='bbox 451 4048 528 4110; x_wconf 90' lang='lat' dir='ltr'>ltem</span> <span class='ocrx_word' id='word_1_210' title='bbox 553 4049 662 4110; x_wconf 88' lang='lat' dir='ltr'>relicta</span> <span class='ocrx_word' id='word_1_211' title='bbox 688 4050 853 4112; x_wconf 87' lang='lat' dir='ltr'>Benedicti</span> <span class='ocrx_word' id='word_1_212' title='bbox 879 4049 958 4110; x_wconf 85' lang='lat' dir='ltr'>fabri</span> <span class='ocrx_word' id='word_1_213' title='bbox 983 4064 1093 4112; x_wconf 91' lang='lat' dir='ltr'>contra</span> <span class='ocrx_word' id='word_1_214' title='bbox 1126 4052 1291 4114; x_wconf 87' lang='lat' dir='ltr'>Andream</span> <span class='ocrx_word' id='word_1_215' title='bbox 1316 4050 1442 4115; x_wconf 85' lang='lat' dir='ltr'>labrum</span> <span class='ocrx_word' id='word_1_216' title='bbox 1468 4054 1615 4116; x_wconf 89' lang='lat' dir='ltr'>secundo</span> 
     </span>
     <span class='ocr_line' id='line_1_35' title="bbox 344 4155 739 4237; baseline 0 -21"><span class='ocrx_word' id='word_1_217' title='bbox 344 4155 437 4216; x_wconf 90' lang='lat' dir='ltr'>citata</span> <span class='ocrx_word' id='word_1_218' title='bbox 462 4175 525 4216; x_wconf 94' lang='lat' dir='ltr'>non</span> <span class='ocrx_word' id='word_1_219' title='bbox 551 4157 739 4237; x_wconf 85' lang='lat' dir='ltr'>comparuit.</span> 
     </span>
    </p>

    <p class='ocr_par' dir='ltr' id='par_1_21' title="bbox 345 4262 1617 4557">
     <span class='ocr_line' id='line_1_36' title="bbox 451 4262 1617 4348; baseline 0.008 -26"><span class='ocrx_word' id='word_1_220' title='bbox 451 4262 528 4322; x_wconf 92' lang='lat' dir='ltr'>ltem</span> <span class='ocrx_word' id='word_1_221' title='bbox 553 4262 629 4322; x_wconf 92' lang='lat' dir='ltr'>luan</span> <span class='ocrx_word' id='word_1_222' title='bbox 654 4263 754 4343; x_wconf 88' lang='lat' dir='ltr'>pistor</span> <span class='ocrx_word' id='word_1_223' title='bbox 778 4276 891 4324; x_wconf 87' lang='lat' dir='ltr'>octavo</span> <span class='ocrx_word' id='word_1_224' title='bbox 917 4263 968 4324; x_wconf 92' lang='lat' dir='ltr'>die</span> <span class='ocrx_word' id='word_1_225' title='bbox 992 4284 1048 4345; x_wconf 89' lang='lat' dir='ltr'>per</span> <span class='ocrx_word' id='word_1_226' title='bbox 1077 4278 1260 4326; x_wconf 88' lang='lat' dir='ltr'>consortem</span> <span class='ocrx_word' id='word_1_227' title='bbox 1286 4264 1409 4327; x_wconf 89' lang='lat' dir='ltr'>Marchi</span> <span class='ocrx_word' id='word_1_228' title='bbox 1435 4266 1561 4348; x_wconf 86' lang='lat' dir='ltr'>boynilt</span> <span class='ocrx_word' id='word_1_229' title='bbox 1586 4283 1617 4331; x_wconf 92' lang='lat' dir='ltr'>et</span> 
     </span>
     <span class='ocr_line' id='line_1_37' title="bbox 346 4367 1615 4456; baseline 0.005 -26"><span class='ocrx_word' id='word_1_230' title='bbox 346 4383 524 4430; x_wconf 86' lang='lat' dir='ltr'>consortem</span> <span class='ocrx_word' id='word_1_231' title='bbox 551 4367 701 4429; x_wconf 88' lang='lat' dir='ltr'>Chuethk</span> <span class='ocrx_word' id='word_1_232' title='bbox 718 4370 882 4446; x_wconf 89' lang='lat' dir='ltr'>atestabit,</span> <span class='ocrx_word' id='word_1_233' title='bbox 907 4370 984 4450; x_wconf 91' lang='lat' dir='ltr'>quid</span> <span class='ocrx_word' id='word_1_234' title='bbox 1008 4372 1052 4432; x_wconf 87' lang='lat' dir='ltr'>eis</span> <span class='ocrx_word' id='word_1_235' title='bbox 1077 4371 1116 4432; x_wconf 94' lang='lat' dir='ltr'>de</span> <span class='ocrx_word' id='word_1_236' title='bbox 1141 4369 1225 4433; x_wconf 84' lang='lat' dir='ltr'>facto</span> <span class='ocrx_word' id='word_1_237' title='bbox 1242 4370 1457 4452; x_wconf 90' lang='lat' dir='ltr'>quarumdam</span> <span class='ocrx_word' id='word_1_238' title='bbox 1482 4370 1615 4456; x_wconf 88' lang='lat' dir='ltr'>frugum</span> 
     </span>
     <span class='ocr_line' id='line_1_38' title="bbox 345 4473 1246 4557; baseline 0.002 -21"><span class='ocrx_word' id='word_1_239' title='bbox 345 4475 420 4557; x_wconf 87' lang='lat' dir='ltr'>ipsis</span> <span class='ocrx_word' id='word_1_240' title='bbox 444 4488 579 4552; x_wconf 82' lang='lat' dir='ltr'>constat,</span> <span class='ocrx_word' id='word_1_241' title='bbox 603 4487 713 4535; x_wconf 90' lang='lat' dir='ltr'>contra</span> <span class='ocrx_word' id='word_1_242' title='bbox 739 4473 917 4556; x_wconf 89' lang='lat' dir='ltr'>Georgium</span> <span class='ocrx_word' id='word_1_243' title='bbox 942 4477 1246 4540; x_wconf 91' lang='lat' dir='ltr'>molendinatorem.</span> 
     </span>
    </p>

    <p class='ocr_par' dir='ltr' id='par_1_22' title="bbox 450 4581 1616 4668">
     <span class='ocr_line' id='line_1_39' title="bbox 450 4581 1616 4668; baseline 0.008 -27"><span class='ocrx_word' id='word_1_244' title='bbox 450 4581 528 4642; x_wconf 88' lang='lat' dir='ltr'>ltem</span> <span class='ocrx_word' id='word_1_245' title='bbox 543 4581 654 4642; x_wconf 86' lang='lat' dir='ltr'>Petrus</span> <span class='ocrx_word' id='word_1_246' title='bbox 667 4581 766 4642; x_wconf 91' lang='lat' dir='ltr'>decan</span> <span class='ocrx_word' id='word_1_247' title='bbox 781 4596 889 4643; x_wconf 90' lang='lat' dir='ltr'>contra</span> <span class='ocrx_word' id='word_1_248' title='bbox 904 4581 1082 4664; x_wconf 87' lang='lat' dir='ltr'>Georgium</span> <span class='ocrx_word' id='word_1_249' title='bbox 1095 4585 1200 4666; x_wconf 93' lang='lat' dir='ltr'>primo</span> <span class='ocrx_word' id='word_1_250' title='bbox 1212 4585 1325 4646; x_wconf 89' lang='lat' dir='ltr'>citatus</span> <span class='ocrx_word' id='word_1_251' title='bbox 1339 4605 1406 4647; x_wconf 93' lang='lat' dir='ltr'>non</span> <span class='ocrx_word' id='word_1_252' title='bbox 1420 4588 1616 4668; x_wconf 86' lang='lat' dir='ltr'>comparuit.</span> 
     </span>
    </p>

    <p class='ocr_par' dir='ltr' id='par_1_23' title="bbox 347 4686 1616 4877">
     <span class='ocr_line' id='line_1_40' title="bbox 451 4686 1616 4772; baseline 0.007 -24"><span class='ocrx_word' id='word_1_253' title='bbox 451 4686 530 4749; x_wconf 89' lang='lat' dir='ltr'>ltem</span> <span class='ocrx_word' id='word_1_254' title='bbox 562 4687 745 4748; x_wconf 81' lang='lat' dir='ltr'>Anthonius</span> <span class='ocrx_word' id='word_1_255' title='bbox 782 4687 923 4750; x_wconf 86' lang='lat' dir='ltr'>literatus</span> <span class='ocrx_word' id='word_1_256' title='bbox 954 4689 1099 4751; x_wconf 88' lang='lat' dir='ltr'>similiter</span> <span class='ocrx_word' id='word_1_257' title='bbox 1130 4688 1267 4752; x_wconf 80' lang='lat' dir='ltr'>salarina</span> <span class='ocrx_word' id='word_1_258' title='bbox 1304 4690 1375 4772; x_wconf 85' lang='lat' dir='ltr'>(sic)</span> <span class='ocrx_word' id='word_1_259' title='bbox 1411 4711 1469 4753; x_wconf 90' lang='lat' dir='ltr'>sua</span> <span class='ocrx_word' id='word_1_260' title='bbox 1502 4708 1616 4756; x_wconf 90' lang='lat' dir='ltr'>contra</span> 
     </span>
     <span class='ocr_line' id='line_1_41' title="bbox 347 4792 1096 4877; baseline 0.008 -24"><span class='ocrx_word' id='word_1_261' title='bbox 347 4792 477 4873; x_wconf 89' lang='lat' dir='ltr'>Gurgek</span> <span class='ocrx_word' id='word_1_262' title='bbox 502 4794 605 4874; x_wconf 90' lang='lat' dir='ltr'>primo</span> <span class='ocrx_word' id='word_1_263' title='bbox 637 4794 722 4855; x_wconf 88' lang='lat' dir='ltr'>citati</span> <span class='ocrx_word' id='word_1_264' title='bbox 748 4813 812 4855; x_wconf 94' lang='lat' dir='ltr'>non</span> <span class='ocrx_word' id='word_1_265' title='bbox 838 4812 1096 4877; x_wconf 89' lang='lat' dir='ltr'>comparuerunt.</span> 
     </span>
    </p>
   </div>
   <div class='ocr_carea' id='block_1_7' title="bbox 0 0 1714 5362">
    <p class='ocr_par' dir='ltr' id='par_1_24' title="bbox 0 0 1714 5362">
     <span class='ocr_line' id='line_1_42' title="bbox 0 0 1714 5362; baseline 0 0"><span class='ocrx_word' id='word_1_266' title='bbox 0 0 1714 5362; x_wconf 95' lang='lat' dir='ltr'> </span> 
     </span>
    </p>
   </div>
  </div>
 </body>
</html>
