3404 5362
617 336 703 392 Anno
728 345 815 411 1375.
840 368 880 376 —
905 350 957 394 20.
980 337 1089 395 martii.

319 545 397 607 Item
423 565 516 606 causa
541 544 653 607 famuli
671 546 797 607 Berend
816 560 847 608 et
871 545 1024 629 Gyurgek
1052 561 1099 608 est
1115 568 1171 630 per
1196 548 1372 609 Francham
1398 547 1480 610 auri·

213 649 341 713 fabrum
366 651 405 713 ad
430 666 503 714 octo
528 651 597 715 dies
619 667 746 735 recepta
770 652 811 714 ad
836 672 958 735 pacem.

319 757 1480 842 ltemDamyanuscontraAnthoniumsutoremoctavodierespondebit.

319 863 397 925 ltem
420 864 446 924 si
470 864 642 925 Martinam
666 885 723 926 sua
747 884 837 927 soror
861 865 939 927 alias
955 865 1080 929 dederit
1103 866 1164 928 nisi
1188 866 1228 929 ad
1245 886 1351 929 arcem
1376 865 1476 948 magi-

211 969 353 1048 stralem,
363 984 477 1032 extunc
488 971 555 1053 ipsa
568 971 681 1032 exinde
697 971 815 1053 poterit
828 971 943 1034 iterum
952 992 1010 1055 pro
1023 974 1184 1035 servitrice
1197 994 1252 1035 seu
1264 972 1479 1036 serviendum.

318 1077 396 1138 Item
427 1076 585 1139 Henricus
616 1076 746 1160 pellifex
778 1092 889 1141 contra
921 1079 1100 1162 Georgium
1132 1081 1237 1162 primo
1269 1081 1382 1142 citatus
1414 1097 1479 1140 non

213 1183 405 1265 comparuit.

319 1289 398 1353 item
423 1311 517 1354 causa
541 1290 674 1354 fratrum
700 1293 862 1354 minorum
880 1306 910 1354 et
926 1293 1160 1355 monachorum
1177 1313 1212 1354 ac
1237 1290 1380 1353 Franche
1397 1290 1480 1352 auri-

212 1395 293 1458 fabri
319 1411 366 1458 est
389 1417 445 1480 per
467 1410 563 1460 testes
587 1398 627 1458 ad
651 1413 725 1459 octo
749 1398 818 1460 dies
841 1413 967 1480 recepta
991 1398 1031 1460 ad
1056 1417 1178 1481 pacem.

319 1503 398 1565 ltem
422 1523 516 1565 causa
542 1504 664 1565 Mareni
690 1517 721 1566 et
737 1503 891 1586 alteritus)
916 1505 1040 1566 Mareni
1057 1517 1104 1567 est
1127 1524 1183 1586 per
1202 1503 1380 1566 Francham
1396 1503 1480 1564 auri·

214 1606 342 1669 fabrum
366 1609 406 1670 ad
431 1623 504 1671 octo
529 1610 598 1670 dies
621 1624 748 1692 recepta
773 1610 812 1671 ad
837 1630 959 1693 pacem.

320 1715 398 1776 ltem
423 1735 516 1778 causa
541 1716 631 1778 Pauli
660 1717 700 1777 de
729 1717 822 1778 Nova
846 1716 922 1778 villa
955 1715 1193 1778 communitatis
1218 1729 1249 1778 et
1271 1715 1400 1777 Thome
1424 1735 1479 1776 su·

212 1821 290 1882 toris
315 1834 362 1883 est
386 1842 443 1904 per
467 1821 654 1884 Ladislaum
678 1823 763 1884 tular
787 1837 819 1885 et
842 1823 972 1883 Petrum
990 1822 1149 1885 decanum
1173 1822 1213 1884 ad
1238 1835 1312 1884 octo
1336 1821 1405 1884 dies
1428 1841 1477 1883 re·

214 1940 306 2008 cepta
331 1927 370 1989 ad
396 1948 517 2010 pacem.

318 2034 396 2096 ltem
420 2054 515 2097 causa
540 2035 672 2117 Georgii
687 2036 796 2118 Rybar
812 2048 844 2097 et
863 2036 974 2097 iacobi
999 2049 1045 2098 est
1062 2054 1119 2119 per
1136 2034 1273 2118 Mykech
1290 2034 1479 2113 institorem,

213 2139 337 2201 Mareas
360 2154 391 2202 et
415 2140 620 2224 Damyanum
644 2142 683 2204 ad
709 2157 782 2205 octo
815 2142 883 2204 dies
906 2154 1032 2224 recepta
1056 2142 1096 2203 ad
1121 2160 1244 2225 pacem.

317 2246 395 2309 Item
420 2235 712 2311 Parlerius'contra
736 2251 864 2311 Kunam
888 2248 994 2330 primo
1018 2247 1132 2310 citatus
1155 2267 1221 2309 non
1245 2246 1435 2327 comparuit.

318 2342 397 2415 ltem
421 2368 535 2416 octavo
564 2354 616 2417 die
640 2354 749 2417 Sibich
779 2374 835 2436 per
858 2351 956 2416 Tular
988 2354 1173 2416 Ladislaum
1206 2368 1237 2416 et
1260 2353 1403 2415 Blasium
1427 2372 1478 2414 su·

214 2472 315 2521 torem
338 2460 495 2542 producet
517 2461 750 2542 testimonium,
781 2461 869 2543 quod
894 2462 1000 2544 ipsum
1031 2462 1176 2523 Thomas
1199 2474 1288 2523 sutor
1310 2459 1369 2520 sub
1394 2476 1476 2540 pena

214 2565 240 2625 X
263 2585 444 2628 marcarum
467 2568 572 2629 verbis
594 2569 742 2650 turpibus
761 2580 990 2650 pertractasset

318 2672 397 2735 Item
440 2674 618 2737 secundum
652 2675 874 2738 testimonium
909 2674 996 2736 idem
1030 2673 1139 2736 Sibich
1175 2672 1332 2755 producet
1367 2683 1477 2732 contra

215 2778 352 2841 eundem
384 2778 548 2842 Thomam
571 2801 627 2865 per
662 2781 761 2842 Pazar
793 2780 973 2843 Jobannem
1004 2793 1034 2843 et
1058 2779 1245 2841 Ladislaum
1275 2778 1358 2840 tular
1382 2797 1477 2859 super

215 2903 262 2965 eo,
286 2885 375 2967 quod
399 2887 504 2969 ipsum
528 2887 736 2969 deturpasset.

320 2993 398 3055 Item
424 3013 518 3055 causa
542 2994 653 3056 Hrenk
677 3006 710 3056 et
725 2993 851 3056 Ferlich
875 3006 922 3055 est
939 2992 979 3054 ad
1003 3005 1077 3054 octo
1103 2991 1172 3053 dies
1197 3010 1253 3074 per
1277 2989 1479 3052 Clementem

215 3111 243 3159 et
273 3097 500 3183 (Anthonium)
525 3113 648 3162 sutores
671 3114 796 3184 recepta
818 3099 857 3161 ad
882 3119 1004 3182 pacem.

317 3204 397 3267 Item
421 3220 536 3268 octavo
560 3206 612 3268 die
638 3206 790 3269 Clemens
814 3226 870 3289 per
903 3206 1107 3288 Damyanum
1139 3219 1170 3266 et
1194 3204 1395 3265 Anthonium
1427 3223 1479 3265 su-

214 3323 314 3373 torem
338 3312 561 3375 testimonium
584 3313 741 3396 producet
765 3314 797 3374 in
822 3332 872 3392 en,
897 3311 985 3395 quod
1010 3312 1115 3393 ipsum
1140 3310 1225 3373 Vido
1249 3323 1350 3372 sartor
1376 3309 1479 3372 verbis

214 3417 358 3500 turpibus
382 3418 547 3482 affecisset.

317 3524 395 3586 ltem
420 3545 514 3587 causa
538 3526 683 3588 Franche
708 3539 739 3588 et
763 3524 964 3607 Margarethe
997 3537 1045 3586 est
1068 3523 1108 3585 ad
1140 3537 1214 3585 octo
1239 3524 1307 3586 dies
1331 3545 1387 3606 per
1414 3524 1478 3585 Do-

214 3645 322 3693 natum
346 3631 486 3714 juratum
510 3647 636 3715 recepta
661 3631 726 3715 (ad)
749 3633 912 3694 racionem
937 3631 1135 3714 ponendum.

317 3736 395 3798 Item
412 3737 575 3800 lohannes
587 3738 672 3801 filius
688 3738 766 3800 luan
783 3739 821 3800 de
845 3738 991 3800 Dombro
1008 3737 1193 3800 testimonio
1210 3736 1374 3818 fidedigno
1392 3757 1478 3799 com-

214 3843 369 3922 probavit,
393 3857 429 3907 ut
452 3845 519 3927 ipsa
541 3846 685 3927 predicta
709 3866 802 3928 equa,
828 3864 924 3928 quam
946 3844 1112 3906 Emericus
1129 3857 1294 3906 arestasset
1310 3844 1342 3905 in
1360 3844 1479 3922 medio,

214 3968 267 4011 sua
290 3948 403 4013 fuisset
426 3971 444 4013 a
466 3964 589 4034 septem
613 3952 707 4014 annis
731 3952 782 4013 vel
807 3952 895 4028 citra,
932 3970 1030 4032 quam
1054 3949 1138 4030 justo
1162 3950 1270 4032 precio
1294 3971 1312 4011 a
1336 3950 1478 4031 quodam

214 4055 315 4117 amico
338 4074 398 4118 suo
422 4072 655 4140 comparassem
682 4058 749 4140 ipse
766 4071 874 4119 autem
899 4056 1066 4117 Emericus
1082 4075 1146 4117 nou
1164 4057 1253 4119 venit
1269 4076 1375 4138 neque
1393 4056 1480 4118 misit

214 4159 356 4242 aliquam
379 4181 551 4244 personam
574 4183 636 4248 pro
658 4184 690 4226 se
718 4163 950 4248 responsalem.

317 4268 396 4331 ltem
419 4269 497 4332 luan
522 4270 640 4352 Brayse
671 4270 827 4352 premisso
858 4268 1044 4331 testimonio
1075 4268 1297 4351 sollempniter
1329 4287 1476 4350 compro-

215 4372 309 4454 bavit,
333 4387 370 4437 ut
391 4375 494 4459 ipsam
518 4375 654 4438 domum
678 4376 711 4437 in
734 4395 798 4457 qua
821 4388 931 4437 manet
955 4374 1016 4435 sibi
1050 4373 1215 4436 Marethka
1240 4374 1388 4437 dedisset.

318 4480 397 4543 ltem
421 4479 564 4544 Gerdina
587 4494 695 4544 contra
721 4482 862 4544 Brumen
887 4480 992 4563 primo
1016 4479 1130 4544 citatus
1154 4499 1218 4541 uon
1243 4479 1433 4562 comparuit.

317 4587 396 4649 ltem
421 4586 575 4671 Gyurgek
605 4588 727 4671 juratus
757 4603 871 4651 octavo
903 4587 956 4648 die
980 4599 1091 4648 contra
1122 4586 1346 4649 Sebestianum
1370 4606 1403 4648 se
1426 4605 1474 4646 se·

214 4692 335 4755 condus
358 4692 487 4774 jurabit,
512 4696 599 4775 quod
623 4696 689 4778 ipse
721 4696 828 4778 plures
859 4694 973 4756 arietes
998 4693 1098 4777 ipsius
1131 4692 1309 4755 Sebestiani
1342 4692 1477 4753 nesciret

213 4798 271 4860 nisi
296 4814 432 4883 septem.
