3404 5362
518 315 604 371 Anno
627 310 717 390 1376.
742 347 784 358 -
808 328 838 374 2.
863 314 944 372 mati.
1319 333 1358 393 39

195 522 277 586 Item
301 544 359 607 per
381 523 533 605 judicem,
557 524 678 605 juratos
703 538 733 586 et
756 538 857 587 totam
889 524 1155 586 communitatem
1186 524 1246 587 fuit
1270 525 1355 586 ordi-

95 646 201 692 natum
227 645 258 692 et
282 645 436 694 statutum
459 646 615 714 perpetuo
648 630 897 709 observandum,
920 630 1009 712 quod
1033 631 1109 712 quia
1132 644 1206 693 sunt
1229 631 1354 693 nonulli

95 737 241 799 homines
265 752 296 800 et
320 737 500 820 specialiter
524 737 644 800 Batista
668 757 741 799 cum
773 737 838 798 suis
861 735 1073 818 complicibus
1092 751 1135 799 'et
1158 736 1356 815 commitiva,

95 845 146 926 qui
170 845 274 907 noctis
298 844 331 905 in
355 844 488 905 silencio
513 844 642 905 armatis
672 843 821 905 manibus
845 855 917 924 post
941 861 1131 924 campanam
1155 863 1211 904 seu
1228 843 1356 925 pulsum

94 951 345 1013 latrunculorum
370 950 557 1031 divagarent
578 949 735 1011 latitando
752 968 841 1011 more
864 948 1055 1027 latrocinali,
1080 963 1115 1011 ut
1137 950 1163 1010 si
1188 949 1227 1011 de
1251 963 1357 1011 cetero

94 1057 212 1118 inventi
236 1055 354 1119 fuerint
378 1069 409 1117 et
432 1055 629 1138 reprehensi,
654 1055 841 1117 incarcerari
870 1068 900 1116 et
924 1046 1031 1136 puniri
1056 1054 1242 1133 debeantur,
1268 1054 1355 1136 quod

94 1163 116 1223 si
138 1163 237 1225 occisi
261 1161 356 1225 fuerit
380 1162 431 1224 vel
448 1161 566 1224 fuerint
589 1181 646 1244 per
662 1161 810 1223 custodes
834 1161 982 1240 civitatis,
999 1161 1071 1222 talis
1088 1160 1128 1223 de
1146 1161 1273 1223 civitate
1290 1180 1354 1222 non

95 1269 248 1331 evelletur
271 1289 328 1347 nec
352 1268 487 1350 aliquod
512 1268 688 1350 dampnum
713 1287 770 1329 seu
794 1267 976 1329 molestiam
995 1267 1059 1348 pati
1084 1266 1200 1329 debeat
1223 1287 1279 1328 seu
1303 1267 1357 1329 de·

97 1376 188 1437 beant
212 1375 284 1457 ipso
311 1374 406 1437 facto.

197 1500 277 1563 ltem
300 1500 387 1562 lwan
411 1499 549 1562 condam
581 1518 677 1582 preco
710 1513 819 1561 contra
845 1497 1027 1560 Korardum
1058 1511 1214 1560 textorem
1248 1497 1353 1579 primo

97 1609 202 1670 citatus
227 1626 292 1668 non
317 1607 511 1688 comparuit:

195 1713 274 1775 ltem
300 1713 412 1774 Marko
435 1711 520 1773 filius
545 1710 667 1774 Gemez
690 1725 799 1772 contra
819 1709 1000 1772 iohannem
1025 1709 1188 1772 Chemerii
1213 1709 1355 1771 secundo

97 1819 202 1881 citatus
226 1839 292 1881 non
318 1818 506 1900 comparuit.

194 1925 274 1986 ltem
306 1925 469 1986 Janalinus
506 1926 612 1985 taskar
645 1937 756 1985 contra
787 1923 972 2004 Dragonam
1003 1922 1109 2005 primo
1142 1922 1255 1984 citatus
1287 1940 1354 1982 non

96 2032 280 2114 comparuit.

194 2155 274 2217 ltem
299 2153 479 2237 Stephanus
503 2167 613 2215 contra
631 2153 810 2214 lohannem
832 2152 964 2234 vigilem
988 2152 1130 2214 secundo
1154 2152 1268 2214 citatus
1284 2171 1350 2213 non

94 2261 278 2344 comparuit.

195 2368 274 2430 ltem
299 2366 479 2448 Stephanus
502 2380 604 2428 sartor
628 2379 738 2428 contra
767 2363 904 2427 Zitarich
923 2378 1036 2426 octavo
1060 2364 1112 2426 die
1135 2363 1353 2445 respondebit.

195 2474 274 2535 ltem
298 2471 482 2534 Anthonius
506 2472 644 2534 Zitarich
660 2491 716 2554 per
733 2471 848 2533 Paulas
872 2485 986 2533 octavo
1004 2470 1055 2532 die
1080 2470 1226 2532 atestabit
1239 2481 1349 2531 contra

91 2581 277 2662 magistrum
302 2578 458 2641 Mathiam
481 2577 678 2640 aurifabrum
702 2598 798 2660 super
823 2577 908 2640 furto
932 2578 1028 2639 unius
1050 2596 1158 2659 perne.

198 2686 277 2747 ltem
302 2685 436 2747 Petraua
462 2699 570 2747 contra
596 2684 795 2767 Stephanum
819 2683 1008 2746 sallivenam
1032 2684 1137 2767 primo
1162 2685 1256 2746 citata
1288 2704 1353 2746 non

88 2792 279 2874 comparuit.

194 2898 273 2960 ltem
304 2897 425 2959 Mathia
458 2897 619 2959 aurifaber
654 2897 686 2958 in
720 2896 892 2978 quindenis
932 2896 1098 2958 Anthouio
1143 2896 1282 2958 Zitarich
1313 2896 1352 2958 lll

85 3024 201 3088 pensas
225 3003 332 3066 minus
355 3005 384 3065 X
409 3002 547 3065 denariis
572 3003 723 3065 exsolvet.

193 3110 273 3173 ltem
298 3109 460 3171 lohannes
476 3107 607 3191 pellifex
624 3123 733 3171 contra
751 3109 910 3171 Briccium
928 3123 1041 3171 octavo
1059 3109 1111 3171 die
1135 3110 1352 3192 respondebit.
1379 3104 1382 3109 ’

192 3235 273 3296 ltem
298 3234 461 3297 Janslinus
484 3247 599 3295 octavo
623 3233 675 3295 die
703 3232 820 3314 jurabit
844 3234 877 3295 in
902 3253 952 3312 eo,
985 3233 1072 3316 quod
1097 3235 1164 3317 ipse
1189 3234 1351 3317 quandam

82 3340 217 3423 joppam
248 3359 307 3423 pro
339 3341 440 3402 tribus
470 3340 577 3422 pensis
608 3340 826 3421 comparavit,
858 3353 889 3402 et
920 3340 1008 3421 quod
1040 3341 1232 3418 nescivisset,
1264 3340 1352 3422 quod

84 3447 188 3530 ipsam
213 3445 330 3509 furtive
355 3467 373 3508 a
396 3465 455 3508 suo
479 3446 569 3508 socio
592 3445 798 3508 vendidisset.

192 3570 271 3633 ltem
296 3590 391 3632 causa
417 3570 571 3633 lohannis
595 3570 711 3632 Lieber
740 3583 771 3631 et
803 3570 933 3631 alterius
965 3570 1120 3631 Johannis
1144 3584 1190 3633 est
1214 3590 1270 3652 per
1303 3568 1351 3652 ju·
1446 3581 1447 3586 ’

83 3677 173 3739 dices
196 3677 237 3738 ad
261 3690 335 3739 octo
361 3676 429 3738 dies
453 3689 636 3759 prorogata.

192 3783 269 3844 ltem
296 3784 383 3844 Luca
407 3795 521 3844 octavo
546 3782 597 3843 die
614 3801 671 3861 per
695 3781 848 3844 Malinich
873 3796 903 3844 et
919 3782 1050 3844 Petrum
1067 3781 1224 3843 decanum
1242 3797 1352 3845 contra

82 3889 256 3951 mulierem
281 3888 432 3951 Chernlra
456 3902 603 3950 vocatam
620 3889 768 3950 atestabit
785 3889 912 3951 racione
937 3888 1150 3971 quarumdam
1168 3888 1350 3953 domorum.

190 3995 268 4056 ltem
303 3994 453 4057 Chernlra
478 3995 625 4056 atestabit
656 4008 764 4056 contra
796 4014 852 4076 per
885 3995 1064 4057 Barnabam
1096 3994 1297 4057 sacerdotem
1322 4009 1353 4057 et

80 4098 322 4182 Margaretbam
347 4099 516 4162 mulierem
541 4099 688 4161 similiter
711 4100 839 4160 racione
864 4101 1004 4183 ipsarum
1027 4100 1210 4162 domorum.

191 4206 269 4267 ltem
295 4205 398 4268 Cursa
422 4206 662 4268 molendinator
686 4220 796 4268 contra
826 4206 1011 4268 Ladialaum
1034 4207 1118 4268 tular
1141 4206 1283 4268 secundo
1308 4207 1350 4268 ci·

79 4325 168 4376 tatus
192 4331 258 4374 non
282 4312 473 4393 comparuit.

191 4437 270 4499 ltem
295 4436 428 4499 domina
452 4437 561 4499 Betres
593 4428 702 4499 contra
727 4436 795 4497 Juri
825 4435 948 4519 Ryhtar
971 4451 1086 4499 octavo
1119 4437 1171 4499 die
1195 4457 1228 4498 se
1250 4437 1347 4499 tercia

79 4543 202 4626 jurabit
226 4542 356 4605 racione
380 4542 547 4605 cuiusdam
572 4542 682 4604 debiti.

191 4665 270 4728 ltem
296 4665 456 4749 Georgius
481 4668 548 4728 Kus
579 4667 611 4728 in
637 4667 809 4748 quindenis
842 4687 938 4729 unam
970 4686 1111 4729 marcam
1142 4667 1348 4728 denariorum

77 4784 217 4857 propter
240 4773 373 4833 verbera
397 4773 505 4834 uxoris
528 4793 583 4833 sue
609 4773 750 4834 exsolvet
774 4787 805 4835 et
828 4772 926 4854 judici
952 4773 1091 4833 mediam
1116 4792 1266 4834 marcam.
