3404 5362
640 95 844 177 Ann01385.
867 133 909 142 —
933 113 982 160 21.
1002 97 1090 179 julii.
1435 114 1496 176 245

333 313 412 375 Item
438 331 531 374 causa
550 308 645 372 Jolan
670 323 780 372 contra
798 309 981 371 DIonisium
1007 322 1038 371 et
1062 309 1237 371 Martinum
1262 307 1497 390 carpentarium

225 418 266 482 ad
291 433 444 482 octavum
470 417 558 479 diem
582 415 622 478 ad
646 435 758 499 pacem
783 429 830 478 est
853 428 991 497 recepta.

334 525 417 587 Item
435 544 529 587 causa
553 523 669 605 judicis
684 536 795 585 contra
813 520 965 605 Gyurgek
987 521 1026 583 ad
1051 535 1201 584 octavum
1218 520 1305 582 diem
1329 519 1369 581 ad
1386 539 1499 603 pacem

229 644 274 693 est
300 644 438 713 recepta.

333 737 414 799 Item
445 735 580 818 Gyanus
614 735 828 817 Hudolepech
860 747 969 796 contra
1003 732 1183 815 Georgium
1215 734 1358 796 secundo
1385 734 1501 796 citatus

231 862 295 905 non
322 842 514 924 comparuit.

336 949 415 1011 Item
441 949 552 1010 Kusko
577 961 687 1010 contra
711 947 913 1010 Anthonium
941 948 1046 1030 primo
1079 948 1192 1009 citatus
1218 966 1283 1008 non
1309 945 1499 1029 comparuit.

336 1054 415 1115 Item
440 1054 538 1137 Elyas
561 1073 680 1137 parvus
703 1068 811 1116 contra
829 1053 938 1115 Bartol
955 1054 1061 1135 prImo
1089 1054 1203 1116 citatus
1226 1073 1291 1115 non
1309 1053 1499 1135 comparuit.

336 1161 414 1222 Item
440 1159 549 1222 Endre
574 1160 640 1243 Syb
664 1172 775 1221 contra
792 1157 986 1240 Gregorium
1011 1159 1157 1221 woschar
1173 1159 1278 1241 primo
1303 1159 1417 1221 citatus
1433 1177 1499 1220 non

231 1267 421 1348 comparuit.

335 1372 415 1434 Item
440 1371 597 1454 Zekyrich
621 1391 678 1454 per
701 1371 865 1433 Matheiko
890 1385 921 1434 et
940 1370 1114 1433 Bedicham
1139 1371 1200 1432 hoc
1227 1372 1386 1449 atestabit,
1410 1371 1499 1453 quod

232 1479 337 1561 ipsum
362 1478 471 1541 Bartol
496 1478 718 1559 vituperasset.

339 1584 419 1646 Item
443 1604 538 1646 causa
561 1584 670 1646 Mathe
693 1583 881 1665 gladiatoris
911 1598 1021 1645 contra
1045 1583 1150 1646 Jalrlin
1175 1584 1215 1645 ad
1239 1596 1389 1645 octavum
1413 1583 1499 1646 diem

231 1690 269 1751 ad
294 1709 409 1772 pacem
434 1704 480 1753 est
504 1703 639 1773 recepta.

338 1797 418 1858 Item
442 1796 547 1858 Iwana
573 1796 690 1858 mulier
712 1815 769 1878 per
785 1795 936 1857 dominos
962 1796 1143 1858 Barnabam
1167 1808 1197 1856 et
1214 1795 1375 1857 Jacobum
1399 1816 1500 1858 sacer·

231 1900 333 1981 dotes,
359 1902 488 1965 Petrum
514 1903 636 1964 Prunar
660 1901 840 1964 carnificem
873 1915 904 1963 et
928 1902 1141 1964 Laurencium
1167 1901 1326 1984 Putarych
1349 1901 1411 1963 hoc
1435 1916 1499 1965 ate·

230 2007 336 2087 stabit,
361 2008 450 2090 quod
473 2009 534 2070 sibi
558 2009 608 2070 vir
630 2028 706 2070 suus
729 2009 856 2070 vlneam
881 2028 971 2069 suam
996 2008 1141 2089 legasset.

338 2113 418 2175 Item
442 2133 536 2176 causa
570 2114 703 2175 Fabiani
735 2114 852 2176 literati
884 2128 915 2174 et
940 2114 1007 2197 Syb
1033 2114 1140 2176 Endre
1172 2114 1213 2176 ad
1237 2127 1387 2177 octavum
1413 2113 1500 2174 diem

234 2219 271 2281 ad
298 2239 411 2302 pacem
437 2234 483 2282 est
506 2233 643 2303 recepta.

338 2326 417 2388 Item
431 2346 525 2388 causa
542 2325 712 2387 Laurencii
729 2324 845 2407 judicis
865 2325 1002 2387 condam
1020 2340 1050 2387 et
1068 2327 1164 2388 Liber
1181 2341 1290 2388 contra
1307 2326 1499 2408 Jurglynum

232 2432 414 2515 piliatorem
439 2431 479 2494 ad
503 2444 654 2494 octavum
679 2431 764 2493 diem
789 2431 830 2493 ad
854 2451 966 2514 pacem
991 2446 1037 2495 est
1061 2446 1197 2515 recepta.

338 2537 417 2600 Item
446 2538 553 2599 Endre
587 2537 653 2620 Syb
684 2558 742 2621 per
773 2539 941 2600 Mareuum
974 2553 1005 2599 et
1038 2540 1168 2601 Petrum
1192 2539 1407 2621 gladiatorem
1440 2538 1501 2601 hoc

234 2645 380 2706 atestabit
403 2658 517 2707 octavo
542 2643 605 2723 die,
630 2645 718 2726 quod
743 2646 849 2726 ipsum
873 2644 971 2727 Elyas
996 2665 1113 2727 parvus
1136 2647 1357 2728 vituperasset.

339 2751 417 2813 Item
443 2751 542 2834 Elyas
564 2771 681 2833 parvus
705 2764 815 2813 contra
832 2751 1013 2813 Iohannem
1032 2751 1212 2813 carnificem
1229 2751 1371 2813 secundo
1388 2752 1501 2812 citatus

236 2875 298 2918 non
323 2858 513 2938 comparuit.

340 2962 418 3025 ltem
433 2963 617 3026 Anthonius
633 2978 743 3026 contra
757 2964 935 3046 Georgium
949 2965 1093 3026 secundo
1105 2965 1218 3026 citatus
1231 2984 1296 3025 non
1311 2964 1501 3046 comparuit.

339 3069 418 3132 Item
444 3070 552 3133 Battol
577 3084 691 3133 octavo
716 3071 767 3133 die
798 3072 898 3134 tercio
922 3091 954 3132 se
979 3072 1106 3153 jurabit,
1138 3071 1226 3152 quod
1251 3071 1318 3153 ipse
1344 3070 1500 3153 Zekyrich

232 3194 297 3240 non
323 3176 546 3259 vituperasset.

340 3281 419 3344 Item
445 3281 579 3364 Gyanus
603 3283 672 3344 Bon
701 3282 779 3345 feria
800 3285 897 3346 tercia
930 3284 1074 3366 proxime
1107 3297 1240 3344 ventura
1266 3283 1501 3364 quinquaginta

227 3384 385 3452 homines
408 3387 567 3451 adducere
592 3389 688 3452 debet
719 3406 845 3451 etcum
877 3390 991 3471 viginti
1018 3389 1162 3471 quinque
1196 3388 1383 3451 hominibus
1406 3408 1502 3471 super

225 3514 270 3559 eo
296 3494 427 3577 jurabit,
444 3495 533 3576 quod
551 3496 663 3556 Petrus
679 3494 763 3556 filius
787 3496 882 3557 Blaslr
900 3495 1056 3577 quasdam
1080 3515 1130 3556 res
1155 3495 1254 3576 ipsius
1282 3493 1389 3578 Gyani
1405 3494 1501 3556 latro·

220 3601 381 3665 einaliter
404 3600 590 3681 spolIaverit
614 3614 645 3663 et
668 3621 744 3662 suus
767 3601 923 3683 spoliator
946 3600 1051 3663 fuerit.

341 3705 420 3768 Item
441 3706 587 3767 Thomas
610 3720 724 3768 octavo
749 3707 801 3769 die
817 3707 918 3769 tercio
941 3727 974 3769 se
999 3727 1095 3789 super
1119 3727 1157 3768 eo
1175 3707 1302 3788 jurabit,
1328 3705 1416 3788 quod
1434 3705 1500 3787 ipse

212 3806 350 3876 Ivvanie
376 3811 501 3874 mulieri
527 3813 655 3875 racione
679 3813 846 3875 cuiusdam
870 3814 935 3875 vini
961 3813 1059 3875 nichil
1084 3813 1211 3875 debitor
1235 3812 1339 3873 luerit.

341 3918 421 3981 Item
445 3917 593 4002 Mychael
625 3939 682 4001 per
714 3918 907 4000 Gregorium
932 3920 1077 3982 woschar
1108 3933 1139 3980 et
1164 3921 1309 3980 Marcum
1342 3916 1500 3980 famulum

211 4046 329 4092 tuum
354 4038 468 4087 octavo
493 4025 545 4087 die
570 4027 727 4103 atestabit,
752 4027 840 4108 quod
865 4028 970 4109 Ipsum
995 4026 1151 4109 Zekyrich
1177 4026 1390 4108 percussisset.

341 4132 420 4194 Item
436 4131 527 4194 Rade
552 4147 666 4195 octavo
684 4133 736 4195 die
753 4134 895 4195 secundo
912 4154 944 4194 se
969 4152 1064 4215 super
1082 4151 1120 4194 eo
1144 4132 1272 4214 jurabit,
1290 4131 1378 4213 quod
1396 4132 1501 4213 ipsum

218 4238 407 4304 Emericus
429 4258 562 4320 arcupar
586 4238 793 4301 vulnerasset.

339 4344 418 4405 Item
443 4392 476 4407 ..
502 4344 573 4405 zedi
598 4359 707 4406 contra
733 4343 892 4405 lanchech
916 4344 1021 4426 palmo
1039 4343 1152 4405 citatus
1176 4363 1240 4405 non
1266 4343 1456 4426 comparuit.

339 4449 418 4512 Item
443 4448 531 4532 quod
557 4443 811 4532 quia'Clemens
835 4448 973 4511 carnifex
1003 4449 1107 4511 dictus
1133 4450 1285 4512 Ribarich
1310 4470 1383 4512 cum
1408 4455 1501 4511 Anna

216 4555 372 4618 tnuliere
397 4571 545 4618 consorte
570 4556 726 4619 Iohannis
757 4555 913 4637 lucifiguli
938 4554 1050 4618 luisset
1073 4557 1285 4638 reprehensus
1309 4558 1340 4619 in
1363 4557 1502 4619 maxima
