<?xml version="1.0" encoding="UTF-8"?>
<!DOCTYPE html PUBLIC "-//W3C//DTD XHTML 1.0 Transitional//EN"
    "http://www.w3.org/TR/xhtml1/DTD/xhtml1-transitional.dtd">
<html xmlns="http://www.w3.org/1999/xhtml" xml:lang="en" lang="en">
 <head>
  <title>
</title>
<meta http-equiv="Content-Type" content="text/html;charset=utf-8" />
  <meta name='ocr-system' content='tesseract 3.04.00' />
  <meta name='ocr-capabilities' content='ocr_page ocr_carea ocr_par ocr_line ocrx_word'/>
</head>
<body>
  <div class='ocr_page' id='page_1' title='image "./monumentahistor04laszgoog/monumentahistor04laszgoog_0115.png"; bbox 0 0 3404 5362; ppageno 0'>
   <div class='ocr_carea' id='block_1_1' title="bbox 222 348 1491 1916">
    <p class='ocr_par' dir='ltr' id='par_1_1' title="bbox 225 348 1490 750">
     <span class='ocr_line' id='line_1_1' title="bbox 226 348 1119 428; baseline 0.002 -18"><span class='ocrx_word' id='word_1_1' title='bbox 226 351 267 411; x_wconf 83' lang='lat'>66</span> <span class='ocrx_word' id='word_1_2' title='bbox 587 348 784 427; x_wconf 75' lang='lat' dir='ltr'>Ann01376.</span> <span class='ocrx_word' id='word_1_3' title='bbox 815 385 849 394; x_wconf 93' lang='lat'>-</span> <span class='ocrx_word' id='word_1_4' title='bbox 877 366 924 428; x_wconf 71' lang='lat'>14.</span> <span class='ocrx_word' id='word_1_5' title='bbox 950 354 1119 413; x_wconf 79' lang='lat' dir='ltr'><em>novembris.</em></span> 
     </span>
     <span class='ocr_line' id='line_1_2' title="bbox 225 563 1490 628; baseline 0.004 -5"><span class='ocrx_word' id='word_1_6' title='bbox 225 563 364 623; x_wconf 84' lang='lat' dir='ltr'><strong>hannem</strong></span> <span class='ocrx_word' id='word_1_7' title='bbox 390 576 544 624; x_wconf 87' lang='lat' dir='ltr'>sartorem</span> <span class='ocrx_word' id='word_1_8' title='bbox 568 583 626 623; x_wconf 90' lang='lat' dir='ltr'>nec</span> <span class='ocrx_word' id='word_1_9' title='bbox 651 582 714 623; x_wconf 91' lang='lat' dir='ltr'>non</span> <span class='ocrx_word' id='word_1_10' title='bbox 741 563 921 623; x_wconf 91' lang='lat' dir='ltr'>Barnabam</span> <span class='ocrx_word' id='word_1_11' title='bbox 953 563 1152 625; x_wconf 84' lang='lat' dir='ltr'>sacerdotem</span> <span class='ocrx_word' id='word_1_12' title='bbox 1183 578 1294 626; x_wconf 90' lang='lat' dir='ltr'>contra</span> <span class='ocrx_word' id='word_1_13' title='bbox 1320 566 1490 628; x_wconf 82' lang='lat' dir='ltr'><strong>Nicolaum</strong></span> 
     </span>
     <span class='ocr_line' id='line_1_3' title="bbox 225 668 1210 750; baseline 0.004 -21"><span class='ocrx_word' id='word_1_14' title='bbox 225 670 415 750; x_wconf 84' lang='lat' dir='ltr'>piscatorem</span> <span class='ocrx_word' id='word_1_15' title='bbox 439 669 479 729; x_wconf 86' lang='lat' dir='ltr'>de</span> <span class='ocrx_word' id='word_1_16' title='bbox 504 681 607 730; x_wconf 90' lang='lat' dir='ltr'>morte</span> <span class='ocrx_word' id='word_1_17' title='bbox 631 668 739 730; x_wconf 89' lang='lat' dir='ltr'>matris</span> <span class='ocrx_word' id='word_1_18' title='bbox 766 689 832 746; x_wconf 91' lang='lat' dir='ltr'>sue,</span> <span class='ocrx_word' id='word_1_19' title='bbox 857 669 934 749; x_wconf 92' lang='lat' dir='ltr'>quid</span> <span class='ocrx_word' id='word_1_20' title='bbox 957 669 1067 748; x_wconf 89' lang='lat' dir='ltr'>scient,</span> <span class='ocrx_word' id='word_1_21' title='bbox 1092 670 1210 733; x_wconf 88' lang='lat' dir='ltr'>dicent.</span> 
     </span>
    </p>

    <p class='ocr_par' dir='ltr' id='par_1_2' title="bbox 225 773 1491 960">
     <span class='ocr_line' id='line_1_4' title="bbox 331 773 1491 858; baseline 0.003 -23"><span class='ocrx_word' id='word_1_22' title='bbox 331 775 409 836; x_wconf 87' lang='lat' dir='ltr'>Item</span> <span class='ocrx_word' id='word_1_23' title='bbox 426 774 619 836; x_wconf 88' lang='lat' dir='ltr'>Benedictus</span> <span class='ocrx_word' id='word_1_24' title='bbox 635 773 776 835; x_wconf 82' lang='lat' dir='ltr'>carnifex</span> <span class='ocrx_word' id='word_1_25' title='bbox 793 775 913 835; x_wconf 91' lang='lat' dir='ltr'>Jacobo</span> <span class='ocrx_word' id='word_1_26' title='bbox 935 775 1013 836; x_wconf 91' lang='lat' dir='ltr'>Bole</span> <span class='ocrx_word' id='word_1_27' title='bbox 1031 776 1063 836; x_wconf 94' lang='lat' dir='ltr'>in</span> <span class='ocrx_word' id='word_1_28' title='bbox 1081 776 1254 858; x_wconf 86' lang='lat' dir='ltr'>quindenis</span> <span class='ocrx_word' id='word_1_29' title='bbox 1271 777 1352 839; x_wconf 87' lang='lat' dir='ltr'>duas</span> <span class='ocrx_word' id='word_1_30' title='bbox 1368 797 1491 840; x_wconf 87' lang='lat' dir='ltr'>marcas</span> 
     </span>
     <span class='ocr_line' id='line_1_5' title="bbox 225 879 1026 960; baseline 0.001 -19"><span class='ocrx_word' id='word_1_31' title='bbox 225 880 386 942; x_wconf 86' lang='lat' dir='ltr'>exsolvere</span> <span class='ocrx_word' id='word_1_32' title='bbox 412 880 507 942; x_wconf 89' lang='lat' dir='ltr'>debet</span> <span class='ocrx_word' id='word_1_33' title='bbox 531 894 562 940; x_wconf 92' lang='lat' dir='ltr'>et</span> <span class='ocrx_word' id='word_1_34' title='bbox 586 879 684 960; x_wconf 93' lang='lat' dir='ltr'>judici</span> <span class='ocrx_word' id='word_1_35' title='bbox 709 880 851 941; x_wconf 89' lang='lat' dir='ltr'>mediam</span> <span class='ocrx_word' id='word_1_36' title='bbox 875 899 1026 942; x_wconf 88' lang='lat' dir='ltr'>marcam.</span> 
     </span>
    </p>

    <p class='ocr_par' dir='ltr' id='par_1_3' title="bbox 227 984 1491 1172">
     <span class='ocr_line' id='line_1_6' title="bbox 331 984 1491 1072; baseline 0.005 -26"><span class='ocrx_word' id='word_1_37' title='bbox 331 987 408 1048; x_wconf 89' lang='lat' dir='ltr'>ltem</span> <span class='ocrx_word' id='word_1_38' title='bbox 433 986 567 1047; x_wconf 92' lang='lat' dir='ltr'>luchech</span> <span class='ocrx_word' id='word_1_39' title='bbox 598 987 815 1068; x_wconf 89' lang='lat' dir='ltr'>carpentarius</span> <span class='ocrx_word' id='word_1_40' title='bbox 845 984 987 1067; x_wconf 88' lang='lat' dir='ltr'>Georgio</span> <span class='ocrx_word' id='word_1_41' title='bbox 1021 987 1214 1068; x_wconf 90' lang='lat' dir='ltr'>calcariparo</span> <span class='ocrx_word' id='word_1_42' title='bbox 1247 989 1279 1049; x_wconf 94' lang='lat' dir='ltr'>in</span> <span class='ocrx_word' id='word_1_43' title='bbox 1315 991 1491 1072; x_wconf 86' lang='lat' dir='ltr'>quindenis</span> 
     </span>
     <span class='ocr_line' id='line_1_7' title="bbox 227 1091 1368 1172; baseline 0.004 -18"><span class='ocrx_word' id='word_1_44' title='bbox 227 1092 306 1154; x_wconf 91' lang='lat' dir='ltr'>duas</span> <span class='ocrx_word' id='word_1_45' title='bbox 330 1112 451 1154; x_wconf 89' lang='lat' dir='ltr'>marcas</span> <span class='ocrx_word' id='word_1_46' title='bbox 475 1092 682 1153; x_wconf 89' lang='lat' dir='ltr'>denariorum</span> <span class='ocrx_word' id='word_1_47' title='bbox 706 1091 848 1154; x_wconf 83' lang='lat' dir='ltr'>exsolvet</span> <span class='ocrx_word' id='word_1_48' title='bbox 874 1106 904 1152; x_wconf 92' lang='lat' dir='ltr'>et</span> <span class='ocrx_word' id='word_1_49' title='bbox 927 1091 1025 1172; x_wconf 88' lang='lat' dir='ltr'>judici</span> <span class='ocrx_word' id='word_1_50' title='bbox 1051 1093 1193 1154; x_wconf 88' lang='lat' dir='ltr'>mediam</span> <span class='ocrx_word' id='word_1_51' title='bbox 1217 1114 1368 1158; x_wconf 88' lang='lat' dir='ltr'>marcam.</span> 
     </span>
    </p>

    <p class='ocr_par' dir='ltr' id='par_1_4' title="bbox 224 1196 1490 1494">
     <span class='ocr_line' id='line_1_8' title="bbox 329 1196 1490 1281; baseline 0.005 -23"><span class='ocrx_word' id='word_1_52' title='bbox 329 1198 408 1259; x_wconf 92' lang='lat' dir='ltr'>ltem</span> <span class='ocrx_word' id='word_1_53' title='bbox 430 1198 619 1259; x_wconf 90' lang='lat' dir='ltr'>Valentinus</span> <span class='ocrx_word' id='word_1_54' title='bbox 636 1197 674 1259; x_wconf 92' lang='lat' dir='ltr'>de</span> <span class='ocrx_word' id='word_1_55' title='bbox 692 1211 802 1259; x_wconf 89' lang='lat' dir='ltr'>sancto</span> <span class='ocrx_word' id='word_1_56' title='bbox 825 1198 967 1280; x_wconf 89' lang='lat' dir='ltr'>Symone</span> <span class='ocrx_word' id='word_1_57' title='bbox 984 1196 1063 1260; x_wconf 89' lang='lat' dir='ltr'>feria</span> <span class='ocrx_word' id='word_1_58' title='bbox 1080 1213 1167 1261; x_wconf 90' lang='lat' dir='ltr'>sexta</span> <span class='ocrx_word' id='word_1_59' title='bbox 1183 1213 1255 1281; x_wconf 88' lang='lat' dir='ltr'>post</span> <span class='ocrx_word' id='word_1_60' title='bbox 1272 1199 1389 1264; x_wconf 80' lang='lat' dir='ltr'>festum</span> <span class='ocrx_word' id='word_1_61' title='bbox 1407 1203 1490 1265; x_wconf 87' lang='lat' dir='ltr'>beati</span> 
     </span>
     <span class='ocr_line' id='line_1_9' title="bbox 224 1303 1490 1388; baseline 0.005 -24"><span class='ocrx_word' id='word_1_62' title='bbox 224 1304 353 1365; x_wconf 91' lang='lat' dir='ltr'>Martini</span> <span class='ocrx_word' id='word_1_63' title='bbox 386 1303 576 1365; x_wconf 87' lang='lat' dir='ltr'>confessoris</span> <span class='ocrx_word' id='word_1_64' title='bbox 607 1324 640 1365; x_wconf 90' lang='lat' dir='ltr'>se</span> <span class='ocrx_word' id='word_1_65' title='bbox 671 1303 830 1365; x_wconf 89' lang='lat' dir='ltr'>secundus</span> <span class='ocrx_word' id='word_1_66' title='bbox 861 1303 978 1385; x_wconf 85' lang='lat' dir='ltr'>jurabit</span> <span class='ocrx_word' id='word_1_67' title='bbox 1010 1305 1041 1365; x_wconf 91' lang='lat' dir='ltr'>in</span> <span class='ocrx_word' id='word_1_68' title='bbox 1072 1325 1122 1382; x_wconf 91' lang='lat' dir='ltr'>eo,</span> <span class='ocrx_word' id='word_1_69' title='bbox 1146 1304 1236 1386; x_wconf 91' lang='lat' dir='ltr'>quod</span> <span class='ocrx_word' id='word_1_70' title='bbox 1267 1306 1372 1388; x_wconf 90' lang='lat' dir='ltr'>ipsum</span> <span class='ocrx_word' id='word_1_71' title='bbox 1407 1308 1490 1370; x_wconf 91' lang='lat' dir='ltr'>Mar·</span> 
     </span>
     <span class='ocr_line' id='line_1_10' title="bbox 224 1409 1486 1494; baseline 0.004 -24"><span class='ocrx_word' id='word_1_72' title='bbox 224 1409 310 1470; x_wconf 90' lang='lat' dir='ltr'>tinus</span> <span class='ocrx_word' id='word_1_73' title='bbox 334 1424 364 1470; x_wconf 90' lang='lat' dir='ltr'>et</span> <span class='ocrx_word' id='word_1_74' title='bbox 389 1411 476 1471; x_wconf 89' lang='lat' dir='ltr'>Lade</span> <span class='ocrx_word' id='word_1_75' title='bbox 502 1411 533 1470; x_wconf 94' lang='lat' dir='ltr'>in</span> <span class='ocrx_word' id='word_1_76' title='bbox 559 1430 619 1492; x_wconf 92' lang='lat' dir='ltr'>vya</span> <span class='ocrx_word' id='word_1_77' title='bbox 644 1410 772 1491; x_wconf 91' lang='lat' dir='ltr'>publica</span> <span class='ocrx_word' id='word_1_78' title='bbox 796 1424 959 1491; x_wconf 89' lang='lat' dir='ltr'>repertum</span> <span class='ocrx_word' id='word_1_79' title='bbox 976 1410 1043 1471; x_wconf 88' lang='lat' dir='ltr'>sine</span> <span class='ocrx_word' id='word_1_80' title='bbox 1068 1430 1125 1472; x_wconf 89' lang='lat' dir='ltr'>sua</span> <span class='ocrx_word' id='word_1_81' title='bbox 1149 1410 1242 1494; x_wconf 92' lang='lat' dir='ltr'>culpa</span> <span class='ocrx_word' id='word_1_82' title='bbox 1255 1412 1486 1475; x_wconf 88' lang='lat' dir='ltr'>vulnerassent.</span> 
     </span>
    </p>

    <p class='ocr_par' dir='ltr' id='par_1_5' title="bbox 222 1514 1490 1705">
     <span class='ocr_line' id='line_1_11' title="bbox 329 1514 1490 1600; baseline 0.004 -24"><span class='ocrx_word' id='word_1_83' title='bbox 329 1517 408 1578; x_wconf 91' lang='lat' dir='ltr'>ltem</span> <span class='ocrx_word' id='word_1_84' title='bbox 432 1535 526 1577; x_wconf 87' lang='lat' dir='ltr'>causa</span> <span class='ocrx_word' id='word_1_85' title='bbox 549 1516 691 1597; x_wconf 85' lang='lat' dir='ltr'>magistri</span> <span class='ocrx_word' id='word_1_86' title='bbox 716 1516 806 1577; x_wconf 88' lang='lat' dir='ltr'>Pauli</span> <span class='ocrx_word' id='word_1_87' title='bbox 832 1531 861 1577; x_wconf 91' lang='lat' dir='ltr'>et</span> <span class='ocrx_word' id='word_1_88' title='bbox 887 1514 1035 1596; x_wconf 88' lang='lat' dir='ltr'>Gregorii</span> <span class='ocrx_word' id='word_1_89' title='bbox 1061 1517 1190 1578; x_wconf 85' lang='lat' dir='ltr'>sartoris</span> <span class='ocrx_word' id='word_1_90' title='bbox 1213 1531 1260 1578; x_wconf 85' lang='lat' dir='ltr'>est</span> <span class='ocrx_word' id='word_1_91' title='bbox 1282 1517 1323 1579; x_wconf 91' lang='lat' dir='ltr'>ad</span> <span class='ocrx_word' id='word_1_92' title='bbox 1347 1519 1490 1600; x_wconf 90' lang='lat' dir='ltr'>primum</span> 
     </span>
     <span class='ocr_line' id='line_1_12' title="bbox 222 1622 997 1705; baseline 0.001 -22"><span class='ocrx_word' id='word_1_93' title='bbox 222 1623 379 1704; x_wconf 88' lang='lat' dir='ltr'>judicium</span> <span class='ocrx_word' id='word_1_94' title='bbox 403 1637 475 1705; x_wconf 90' lang='lat' dir='ltr'>post</span> <span class='ocrx_word' id='word_1_95' title='bbox 499 1641 593 1682; x_wconf 90' lang='lat' dir='ltr'>suum</span> <span class='ocrx_word' id='word_1_96' title='bbox 617 1622 792 1683; x_wconf 89' lang='lat' dir='ltr'>adventum</span> <span class='ocrx_word' id='word_1_97' title='bbox 816 1636 997 1703; x_wconf 86' lang='lat' dir='ltr'>prorogata.</span> 
     </span>
    </p>

    <p class='ocr_par' dir='ltr' id='par_1_6' title="bbox 223 1728 1488 1916">
     <span class='ocr_line' id='line_1_13' title="bbox 328 1728 1488 1810; baseline 0.003 -22"><span class='ocrx_word' id='word_1_98' title='bbox 328 1729 405 1789; x_wconf 89' lang='lat' dir='ltr'>ltem</span> <span class='ocrx_word' id='word_1_99' title='bbox 423 1728 530 1790; x_wconf 89' lang='lat' dir='ltr'>relicta</span> <span class='ocrx_word' id='word_1_100' title='bbox 557 1729 665 1789; x_wconf 88' lang='lat' dir='ltr'>Rados</span> <span class='ocrx_word' id='word_1_101' title='bbox 697 1740 806 1789; x_wconf 90' lang='lat' dir='ltr'>contra</span> <span class='ocrx_word' id='word_1_102' title='bbox 835 1728 991 1789; x_wconf 88' lang='lat' dir='ltr'>Jacobum</span> <span class='ocrx_word' id='word_1_103' title='bbox 1023 1728 1195 1810; x_wconf 86' lang='lat' dir='ltr'>pellificem</span> <span class='ocrx_word' id='word_1_104' title='bbox 1227 1730 1324 1791; x_wconf 82' lang='lat' dir='ltr'>actrix</span> <span class='ocrx_word' id='word_1_105' title='bbox 1350 1730 1488 1793; x_wconf 88' lang='lat' dir='ltr'>existens</span> 
     </span>
     <span class='ocr_line' id='line_1_14' title="bbox 223 1835 501 1916; baseline 0.004 -21"><span class='ocrx_word' id='word_1_106' title='bbox 223 1853 290 1895; x_wconf 88' lang='lat' dir='ltr'>non</span> <span class='ocrx_word' id='word_1_107' title='bbox 313 1835 501 1916; x_wconf 87' lang='lat' dir='ltr'>comparuit.</span> 
     </span>
    </p>
   </div>
   <div class='ocr_carea' id='block_1_2' title="bbox 257 2033 1447 2126">
    <p class='ocr_par' dir='ltr' id='par_1_7' title="bbox 257 2033 1447 2126">
     <span class='ocr_line' id='line_1_15' title="bbox 257 2033 1447 2126; baseline 0.003 -17"><span class='ocrx_word' id='word_1_108' title='bbox 257 2033 354 2109; x_wconf 83' lang='lat' dir='ltr'>Faria</span> <span class='ocrx_word' id='word_1_109' title='bbox 382 2044 482 2109; x_wconf 85' lang='lat' dir='ltr'>sexta</span> <span class='ocrx_word' id='word_1_110' title='bbox 509 2040 662 2126; x_wconf 87' lang='lat' dir='ltr'>proxima</span> <span class='ocrx_word' id='word_1_111' title='bbox 691 2044 767 2126; x_wconf 86' lang='lat' dir='ltr'>post</span> <span class='ocrx_word' id='word_1_112' title='bbox 794 2038 917 2109; x_wconf 86' lang='lat' dir='ltr'>festam</span> <span class='ocrx_word' id='word_1_113' title='bbox 945 2039 1035 2110; x_wconf 85' lang='lat' dir='ltr'>beati</span> <span class='ocrx_word' id='word_1_114' title='bbox 1064 2039 1202 2110; x_wconf 84' lang='lat' dir='ltr'>Martini</span> <span class='ocrx_word' id='word_1_115' title='bbox 1231 2039 1447 2113; x_wconf 86' lang='lat' dir='ltr'>confessoris.</span> 
     </span>
    </p>
   </div>
   <div class='ocr_carea' id='block_1_3' title="bbox 717 2187 996 2269">
    <p class='ocr_par' dir='ltr' id='par_1_8' title="bbox 717 2187 996 2269">
     <span class='ocr_line' id='line_1_16' title="bbox 717 2187 996 2269; baseline 0.014 -23"><span class='ocrx_word' id='word_1_116' title='bbox 717 2187 782 2269; x_wconf 77' lang='lat'>(14.</span> <span class='ocrx_word' id='word_1_117' title='bbox 806 2192 996 2266; x_wconf 80' lang='lat' dir='ltr'>novembn&#39;s).</span> 
     </span>
    </p>
   </div>
   <div class='ocr_carea' id='block_1_4' title="bbox 212 2328 1488 4956">
    <p class='ocr_par' dir='ltr' id='par_1_9' title="bbox 223 2328 1485 2518">
     <span class='ocr_line' id='line_1_17' title="bbox 328 2328 1485 2413; baseline 0.003 -23"><span class='ocrx_word' id='word_1_118' title='bbox 328 2330 436 2390; x_wconf 91' lang='lat' dir='ltr'>Primo</span> <span class='ocrx_word' id='word_1_119' title='bbox 460 2328 605 2389; x_wconf 83' lang='lat' dir='ltr'>Andreas</span> <span class='ocrx_word' id='word_1_120' title='bbox 629 2328 788 2391; x_wconf 83' lang='lat' dir='ltr'>aurifaber</span> <span class='ocrx_word' id='word_1_121' title='bbox 820 2343 928 2391; x_wconf 88' lang='lat' dir='ltr'>contra</span> <span class='ocrx_word' id='word_1_122' title='bbox 953 2329 1106 2392; x_wconf 89' lang='lat' dir='ltr'>Batistam</span> <span class='ocrx_word' id='word_1_123' title='bbox 1130 2330 1247 2413; x_wconf 67' lang='lat' dir='ltr'>primo,</span> <span class='ocrx_word' id='word_1_124' title='bbox 1275 2331 1390 2392; x_wconf 88' lang='lat' dir='ltr'>citatus</span> <span class='ocrx_word' id='word_1_125' title='bbox 1420 2352 1485 2394; x_wconf 93' lang='lat' dir='ltr'>non</span> 
     </span>
     <span class='ocr_line' id='line_1_18' title="bbox 223 2438 409 2518; baseline 0 -20"><span class='ocrx_word' id='word_1_126' title='bbox 223 2438 409 2518; x_wconf 86' lang='lat' dir='ltr'>comparuit.</span> 
     </span>
    </p>

    <p class='ocr_par' dir='ltr' id='par_1_10' title="bbox 224 2541 1488 2729">
     <span class='ocr_line' id='line_1_19' title="bbox 328 2541 1488 2624; baseline 0.003 -22"><span class='ocrx_word' id='word_1_127' title='bbox 328 2542 406 2602; x_wconf 92' lang='lat' dir='ltr'>ltem</span> <span class='ocrx_word' id='word_1_128' title='bbox 431 2563 523 2603; x_wconf 91' lang='lat' dir='ltr'>causa</span> <span class='ocrx_word' id='word_1_129' title='bbox 556 2542 684 2604; x_wconf 90' lang='lat' dir='ltr'>Thome</span> <span class='ocrx_word' id='word_1_130' title='bbox 715 2555 745 2603; x_wconf 92' lang='lat' dir='ltr'>et</span> <span class='ocrx_word' id='word_1_131' title='bbox 777 2542 906 2603; x_wconf 91' lang='lat' dir='ltr'>Martini</span> <span class='ocrx_word' id='word_1_132' title='bbox 931 2555 978 2605; x_wconf 89' lang='lat' dir='ltr'>est</span> <span class='ocrx_word' id='word_1_133' title='bbox 1009 2562 1064 2624; x_wconf 90' lang='lat' dir='ltr'>per</span> <span class='ocrx_word' id='word_1_134' title='bbox 1089 2541 1283 2623; x_wconf 89' lang='lat' dir='ltr'>Gregoriurn</span> <span class='ocrx_word' id='word_1_135' title='bbox 1313 2561 1427 2604; x_wconf 86' lang='lat' dir='ltr'>voscar</span> <span class='ocrx_word' id='word_1_136' title='bbox 1457 2556 1488 2605; x_wconf 93' lang='lat' dir='ltr'>et</span> 
     </span>
     <span class='ocr_line' id='line_1_20' title="bbox 224 2647 1001 2729; baseline 0.001 -22"><span class='ocrx_word' id='word_1_137' title='bbox 224 2647 387 2708; x_wconf 88' lang='lat' dir='ltr'>Jaklinum</span> <span class='ocrx_word' id='word_1_138' title='bbox 412 2648 451 2708; x_wconf 91' lang='lat' dir='ltr'>ad</span> <span class='ocrx_word' id='word_1_139' title='bbox 476 2661 548 2708; x_wconf 90' lang='lat' dir='ltr'>octo</span> <span class='ocrx_word' id='word_1_140' title='bbox 573 2648 640 2708; x_wconf 90' lang='lat' dir='ltr'>dies</span> <span class='ocrx_word' id='word_1_141' title='bbox 665 2661 790 2729; x_wconf 88' lang='lat' dir='ltr'>recepta</span> <span class='ocrx_word' id='word_1_142' title='bbox 815 2647 855 2709; x_wconf 93' lang='lat' dir='ltr'>ad</span> <span class='ocrx_word' id='word_1_143' title='bbox 879 2668 1001 2729; x_wconf 88' lang='lat' dir='ltr'>pacem.</span> 
     </span>
    </p>

    <p class='ocr_par' dir='ltr' id='par_1_11' title="bbox 221 2753 1488 2941">
     <span class='ocr_line' id='line_1_21' title="bbox 327 2753 1488 2837; baseline 0.005 -25"><span class='ocrx_word' id='word_1_144' title='bbox 327 2753 405 2814; x_wconf 90' lang='lat' dir='ltr'>ltem</span> <span class='ocrx_word' id='word_1_145' title='bbox 437 2754 521 2814; x_wconf 82' lang='lat' dir='ltr'>lwan</span> <span class='ocrx_word' id='word_1_146' title='bbox 554 2767 663 2814; x_wconf 89' lang='lat' dir='ltr'>contra</span> <span class='ocrx_word' id='word_1_147' title='bbox 698 2755 786 2815; x_wconf 90' lang='lat' dir='ltr'>Mark</span> <span class='ocrx_word' id='word_1_148' title='bbox 819 2753 921 2814; x_wconf 85' lang='lat' dir='ltr'>filium</span> <span class='ocrx_word' id='word_1_149' title='bbox 954 2753 1091 2837; x_wconf 91' lang='lat' dir='ltr'>Mykech</span> <span class='ocrx_word' id='word_1_150' title='bbox 1124 2753 1180 2815; x_wconf 87' lang='lat' dir='ltr'>filii</span> <span class='ocrx_word' id='word_1_151' title='bbox 1215 2754 1375 2816; x_wconf 86' lang='lat' dir='ltr'>Leonardi</span> <span class='ocrx_word' id='word_1_152' title='bbox 1409 2753 1488 2818; x_wconf 89' lang='lat' dir='ltr'>feria</span> 
     </span>
     <span class='ocr_line' id='line_1_22' title="bbox 221 2859 1487 2941; baseline 0.005 -23"><span class='ocrx_word' id='word_1_153' title='bbox 221 2859 318 2919; x_wconf 89' lang='lat' dir='ltr'>tercia</span> <span class='ocrx_word' id='word_1_154' title='bbox 342 2879 398 2941; x_wconf 93' lang='lat' dir='ltr'>per</span> <span class='ocrx_word' id='word_1_155' title='bbox 423 2860 528 2920; x_wconf 88' lang='lat' dir='ltr'>Mikus</span> <span class='ocrx_word' id='word_1_156' title='bbox 550 2872 580 2920; x_wconf 91' lang='lat' dir='ltr'>et</span> <span class='ocrx_word' id='word_1_157' title='bbox 598 2859 704 2920; x_wconf 87' lang='lat' dir='ltr'>Mathe</span> <span class='ocrx_word' id='word_1_158' title='bbox 722 2861 869 2921; x_wconf 87' lang='lat' dir='ltr'>atestabit</span> <span class='ocrx_word' id='word_1_159' title='bbox 883 2860 921 2920; x_wconf 96' lang='lat' dir='ltr'>de</span> <span class='ocrx_word' id='word_1_160' title='bbox 939 2860 1105 2921; x_wconf 90' lang='lat' dir='ltr'>solucione</span> <span class='ocrx_word' id='word_1_161' title='bbox 1130 2860 1267 2921; x_wconf 90' lang='lat' dir='ltr'>duarum</span> <span class='ocrx_word' id='word_1_162' title='bbox 1292 2878 1487 2926; x_wconf 88' lang='lat' dir='ltr'>marcarum.</span> 
     </span>
    </p>

    <p class='ocr_par' dir='ltr' id='par_1_12' title="bbox 221 2965 1487 3240">
     <span class='ocr_line' id='line_1_23' title="bbox 327 2965 1486 3050; baseline 0.003 -25"><span class='ocrx_word' id='word_1_163' title='bbox 327 2965 404 3026; x_wconf 93' lang='lat' dir='ltr'>ltem</span> <span class='ocrx_word' id='word_1_164' title='bbox 430 2966 585 3026; x_wconf 90' lang='lat' dir='ltr'>Martinus</span> <span class='ocrx_word' id='word_1_165' title='bbox 609 2980 639 3026; x_wconf 92' lang='lat' dir='ltr'>et</span> <span class='ocrx_word' id='word_1_166' title='bbox 666 2965 752 3026; x_wconf 90' lang='lat' dir='ltr'>Lade</span> <span class='ocrx_word' id='word_1_167' title='bbox 777 2966 949 3027; x_wconf 89' lang='lat' dir='ltr'>Valentino</span> <span class='ocrx_word' id='word_1_168' title='bbox 974 2966 1013 3027; x_wconf 93' lang='lat' dir='ltr'>de</span> <span class='ocrx_word' id='word_1_169' title='bbox 1038 2979 1147 3027; x_wconf 90' lang='lat' dir='ltr'>sancto</span> <span class='ocrx_word' id='word_1_170' title='bbox 1172 2967 1315 3050; x_wconf 86' lang='lat' dir='ltr'>Symone</span> <span class='ocrx_word' id='word_1_171' title='bbox 1340 2966 1372 3026; x_wconf 92' lang='lat' dir='ltr'>in</span> <span class='ocrx_word' id='word_1_172' title='bbox 1390 2967 1486 3047; x_wconf 88' lang='lat' dir='ltr'>quin·</span> 
     </span>
     <span class='ocr_line' id='line_1_24' title="bbox 222 3070 1487 3154; baseline 0.002 -24"><span class='ocrx_word' id='word_1_173' title='bbox 222 3070 313 3131; x_wconf 91' lang='lat' dir='ltr'>denis</span> <span class='ocrx_word' id='word_1_174' title='bbox 337 3071 416 3132; x_wconf 89' lang='lat' dir='ltr'>duas</span> <span class='ocrx_word' id='word_1_175' title='bbox 440 3091 561 3132; x_wconf 88' lang='lat' dir='ltr'>marcas</span> <span class='ocrx_word' id='word_1_176' title='bbox 585 3071 790 3132; x_wconf 90' lang='lat' dir='ltr'>denariorum</span> <span class='ocrx_word' id='word_1_177' title='bbox 815 3086 944 3154; x_wconf 89' lang='lat' dir='ltr'>propter</span> <span class='ocrx_word' id='word_1_178' title='bbox 972 3092 1028 3132; x_wconf 91' lang='lat' dir='ltr'>sua</span> <span class='ocrx_word' id='word_1_179' title='bbox 1053 3073 1183 3133; x_wconf 88' lang='lat' dir='ltr'>vulnera</span> <span class='ocrx_word' id='word_1_180' title='bbox 1209 3071 1375 3134; x_wconf 87' lang='lat' dir='ltr'>exsolvent</span> <span class='ocrx_word' id='word_1_181' title='bbox 1390 3085 1423 3133; x_wconf 90' lang='lat' dir='ltr'>et</span> <span class='ocrx_word' id='word_1_182' title='bbox 1438 3072 1487 3154; x_wconf 89' lang='lat' dir='ltr'>ju-</span> 
     </span>
     <span class='ocr_line' id='line_1_25' title="bbox 221 3176 624 3240; baseline 0.005 -3"><span class='ocrx_word' id='word_1_183' title='bbox 221 3176 283 3237; x_wconf 91' lang='lat' dir='ltr'>dici</span> <span class='ocrx_word' id='word_1_184' title='bbox 309 3178 448 3238; x_wconf 89' lang='lat' dir='ltr'>mediam</span> <span class='ocrx_word' id='word_1_185' title='bbox 473 3197 624 3240; x_wconf 90' lang='lat' dir='ltr'>marcam.</span> 
     </span>
    </p>

    <p class='ocr_par' dir='ltr' id='par_1_13' title="bbox 220 3283 1487 3473">
     <span class='ocr_line' id='line_1_26' title="bbox 326 3283 1487 3367; baseline 0.003 -23"><span class='ocrx_word' id='word_1_186' title='bbox 326 3283 403 3345; x_wconf 92' lang='lat' dir='ltr'>ltem</span> <span class='ocrx_word' id='word_1_187' title='bbox 429 3285 541 3346; x_wconf 86' lang='lat' dir='ltr'>Petrus</span> <span class='ocrx_word' id='word_1_188' title='bbox 564 3298 664 3345; x_wconf 90' lang='lat' dir='ltr'>sartor</span> <span class='ocrx_word' id='word_1_189' title='bbox 698 3297 808 3345; x_wconf 90' lang='lat' dir='ltr'>contra</span> <span class='ocrx_word' id='word_1_190' title='bbox 840 3283 1039 3367; x_wconf 91' lang='lat' dir='ltr'>Mychaelem</span> <span class='ocrx_word' id='word_1_191' title='bbox 1065 3283 1203 3365; x_wconf 88' lang='lat' dir='ltr'>juratum</span> <span class='ocrx_word' id='word_1_192' title='bbox 1228 3297 1342 3346; x_wconf 92' lang='lat' dir='ltr'>octavo</span> <span class='ocrx_word' id='word_1_193' title='bbox 1374 3284 1427 3346; x_wconf 92' lang='lat' dir='ltr'>die</span> <span class='ocrx_word' id='word_1_194' title='bbox 1452 3305 1487 3348; x_wconf 85' lang='lat' dir='ltr'>se</span> 
     </span>
     <span class='ocr_line' id='line_1_27' title="bbox 220 3390 1246 3473; baseline 0.004 -23"><span class='ocrx_word' id='word_1_195' title='bbox 220 3390 378 3451; x_wconf 90' lang='lat' dir='ltr'>secundus</span> <span class='ocrx_word' id='word_1_196' title='bbox 402 3390 519 3469; x_wconf 88' lang='lat' dir='ltr'>jurabit</span> <span class='ocrx_word' id='word_1_197' title='bbox 544 3391 575 3450; x_wconf 91' lang='lat' dir='ltr'>in</span> <span class='ocrx_word' id='word_1_198' title='bbox 599 3411 648 3468; x_wconf 82' lang='lat' dir='ltr'>co,</span> <span class='ocrx_word' id='word_1_199' title='bbox 674 3391 762 3472; x_wconf 91' lang='lat' dir='ltr'>quod</span> <span class='ocrx_word' id='word_1_200' title='bbox 788 3391 891 3472; x_wconf 94' lang='lat' dir='ltr'>ipsum</span> <span class='ocrx_word' id='word_1_201' title='bbox 919 3412 983 3452; x_wconf 94' lang='lat' dir='ltr'>non</span> <span class='ocrx_word' id='word_1_202' title='bbox 1008 3391 1246 3473; x_wconf 88' lang='lat' dir='ltr'>vituperaverit.</span> 
     </span>
    </p>

    <p class='ocr_par' dir='ltr' id='par_1_14' title="bbox 220 3494 1486 3685">
     <span class='ocr_line' id='line_1_28' title="bbox 327 3494 1486 3579; baseline 0.003 -24"><span class='ocrx_word' id='word_1_203' title='bbox 327 3495 404 3556; x_wconf 87' lang='lat' dir='ltr'>ltem</span> <span class='ocrx_word' id='word_1_204' title='bbox 429 3496 618 3557; x_wconf 90' lang='lat' dir='ltr'>secundario</span> <span class='ocrx_word' id='word_1_205' title='bbox 643 3494 760 3577; x_wconf 88' lang='lat' dir='ltr'>jurabit</span> <span class='ocrx_word' id='word_1_206' title='bbox 784 3497 851 3558; x_wconf 93' lang='lat' dir='ltr'>sola</span> <span class='ocrx_word' id='word_1_207' title='bbox 875 3517 1010 3578; x_wconf 89' lang='lat' dir='ltr'>persona</span> <span class='ocrx_word' id='word_1_208' title='bbox 1039 3516 1134 3579; x_wconf 90' lang='lat' dir='ltr'>super</span> <span class='ocrx_word' id='word_1_209' title='bbox 1158 3516 1208 3574; x_wconf 86' lang='lat' dir='ltr'>eo,</span> <span class='ocrx_word' id='word_1_210' title='bbox 1238 3495 1327 3578; x_wconf 95' lang='lat' dir='ltr'>quod</span> <span class='ocrx_word' id='word_1_211' title='bbox 1352 3495 1390 3557; x_wconf 96' lang='lat' dir='ltr'>de</span> <span class='ocrx_word' id='word_1_212' title='bbox 1423 3509 1486 3558; x_wconf 90' lang='lat' dir='ltr'>sta·</span> 
     </span>
     <span class='ocr_line' id='line_1_29' title="bbox 220 3603 1388 3685; baseline 0.001 -22"><span class='ocrx_word' id='word_1_213' title='bbox 220 3603 366 3664; x_wconf 92' lang='lat' dir='ltr'>cionibus</span> <span class='ocrx_word' id='word_1_214' title='bbox 390 3604 454 3664; x_wconf 92' lang='lat' dir='ltr'>suis</span> <span class='ocrx_word' id='word_1_215' title='bbox 479 3603 604 3664; x_wconf 93' lang='lat' dir='ltr'>nullum</span> <span class='ocrx_word' id='word_1_216' title='bbox 630 3616 757 3684; x_wconf 91' lang='lat' dir='ltr'>pactum</span> <span class='ocrx_word' id='word_1_217' title='bbox 783 3603 917 3683; x_wconf 91' lang='lat' dir='ltr'>fecisset,</span> <span class='ocrx_word' id='word_1_218' title='bbox 942 3624 1046 3685; x_wconf 93' lang='lat' dir='ltr'>neque</span> <span class='ocrx_word' id='word_1_219' title='bbox 1072 3603 1194 3684; x_wconf 91' lang='lat' dir='ltr'>aliquid</span> <span class='ocrx_word' id='word_1_220' title='bbox 1218 3614 1388 3664; x_wconf 89' lang='lat' dir='ltr'>teneretur.</span> 
     </span>
    </p>

    <p class='ocr_par' dir='ltr' id='par_1_15' title="bbox 216 3709 1485 4108">
     <span class='ocr_line' id='line_1_30' title="bbox 325 3709 1485 3791; baseline 0.002 -21"><span class='ocrx_word' id='word_1_221' title='bbox 325 3711 403 3771; x_wconf 89' lang='lat' dir='ltr'>ltem</span> <span class='ocrx_word' id='word_1_222' title='bbox 428 3724 541 3771; x_wconf 87' lang='lat' dir='ltr'>octavo</span> <span class='ocrx_word' id='word_1_223' title='bbox 564 3710 615 3771; x_wconf 91' lang='lat' dir='ltr'>die</span> <span class='ocrx_word' id='word_1_224' title='bbox 641 3711 725 3771; x_wconf 90' lang='lat' dir='ltr'>Luca</span> <span class='ocrx_word' id='word_1_225' title='bbox 753 3711 880 3771; x_wconf 76' lang='lat' dir='ltr'>bonioli</span> <span class='ocrx_word' id='word_1_226' title='bbox 899 3725 1084 3791; x_wconf 90' lang='lat' dir='ltr'>procurator</span> <span class='ocrx_word' id='word_1_227' title='bbox 1109 3709 1348 3771; x_wconf 88' lang='lat' dir='ltr'>communitatis</span> <span class='ocrx_word' id='word_1_228' title='bbox 1371 3723 1485 3772; x_wconf 90' lang='lat' dir='ltr'>contra</span> 
     </span>
     <span class='ocr_line' id='line_1_31' title="bbox 220 3814 1484 3898; baseline -0.001 -21"><span class='ocrx_word' id='word_1_229' title='bbox 220 3817 389 3878; x_wconf 89' lang='lat' dir='ltr'>Nicolaum</span> <span class='ocrx_word' id='word_1_230' title='bbox 416 3818 532 3898; x_wconf 87' lang='lat' dir='ltr'>Loytra</span> <span class='ocrx_word' id='word_1_231' title='bbox 558 3816 710 3876; x_wconf 89' lang='lat' dir='ltr'>conduxit</span> <span class='ocrx_word' id='word_1_232' title='bbox 739 3816 886 3878; x_wconf 90' lang='lat' dir='ltr'>homines</span> <span class='ocrx_word' id='word_1_233' title='bbox 918 3816 1151 3897; x_wconf 86' lang='lat' dir='ltr'>quinquaginta</span> <span class='ocrx_word' id='word_1_234' title='bbox 1182 3828 1213 3878; x_wconf 90' lang='lat' dir='ltr'>et</span> <span class='ocrx_word' id='word_1_235' title='bbox 1242 3814 1361 3896; x_wconf 87' lang='lat' dir='ltr'>jurabit</span> <span class='ocrx_word' id='word_1_236' title='bbox 1390 3814 1484 3876; x_wconf 84' lang='lat' dir='ltr'>XXV</span> 
     </span>
     <span class='ocr_line' id='line_1_32' title="bbox 218 3918 1480 4005; baseline -0.002 -22"><span class='ocrx_word' id='word_1_237' title='bbox 218 3923 361 4005; x_wconf 86' lang='lat' dir='ltr'>personis</span> <span class='ocrx_word' id='word_1_238' title='bbox 384 3942 478 4004; x_wconf 90' lang='lat' dir='ltr'>super</span> <span class='ocrx_word' id='word_1_239' title='bbox 502 3941 551 3999; x_wconf 84' lang='lat' dir='ltr'>e0‚</span> <span class='ocrx_word' id='word_1_240' title='bbox 576 3922 663 4002; x_wconf 94' lang='lat' dir='ltr'>quod</span> <span class='ocrx_word' id='word_1_241' title='bbox 680 3922 841 4002; x_wconf 88' lang='lat' dir='ltr'>predictus</span> <span class='ocrx_word' id='word_1_242' title='bbox 866 3922 1016 4005; x_wconf 89' lang='lat' dir='ltr'>Loyttich</span> <span class='ocrx_word' id='word_1_243' title='bbox 1045 3921 1094 3982; x_wconf 91' lang='lat' dir='ltr'>fur</span> <span class='ocrx_word' id='word_1_244' title='bbox 1127 3935 1157 3983; x_wconf 92' lang='lat' dir='ltr'>et</span> <span class='ocrx_word' id='word_1_245' title='bbox 1182 3918 1369 3982; x_wconf 86' lang='lat' dir='ltr'>malefactor</span> <span class='ocrx_word' id='word_1_246' title='bbox 1401 3919 1480 3980; x_wconf 89' lang='lat' dir='ltr'>civi-</span> 
     </span>
     <span class='ocr_line' id='line_1_33' title="bbox 216 4028 828 4108; baseline -0.002 -18"><span class='ocrx_word' id='word_1_247' title='bbox 216 4030 287 4091; x_wconf 91' lang='lat' dir='ltr'>tatis</span> <span class='ocrx_word' id='word_1_248' title='bbox 311 4050 327 4089; x_wconf 90' lang='lat' dir='ltr'>a</span> <span class='ocrx_word' id='word_1_249' title='bbox 353 4029 461 4089; x_wconf 92' lang='lat' dir='ltr'>multis</span> <span class='ocrx_word' id='word_1_250' title='bbox 484 4029 683 4108; x_wconf 90' lang='lat' dir='ltr'>temporibus</span> <span class='ocrx_word' id='word_1_251' title='bbox 708 4028 828 4089; x_wconf 89' lang='lat' dir='ltr'>existat.</span> 
     </span>
    </p>

    <p class='ocr_par' dir='ltr' id='par_1_16' title="bbox 215 4132 1482 4427">
     <span class='ocr_line' id='line_1_34' title="bbox 322 4132 1482 4216; baseline 0.001 -21"><span class='ocrx_word' id='word_1_252' title='bbox 322 4135 398 4195; x_wconf 92' lang='lat' dir='ltr'>ltem</span> <span class='ocrx_word' id='word_1_253' title='bbox 425 4134 509 4193; x_wconf 83' lang='lat' dir='ltr'>lwan</span> <span class='ocrx_word' id='word_1_254' title='bbox 535 4145 644 4193; x_wconf 88' lang='lat' dir='ltr'>contra</span> <span class='ocrx_word' id='word_1_255' title='bbox 678 4134 847 4194; x_wconf 91' lang='lat' dir='ltr'>Nicolaum</span> <span class='ocrx_word' id='word_1_256' title='bbox 880 4132 1019 4194; x_wconf 91' lang='lat' dir='ltr'>condam</span> <span class='ocrx_word' id='word_1_257' title='bbox 1045 4133 1182 4216; x_wconf 89' lang='lat' dir='ltr'>judicem</span> <span class='ocrx_word' id='word_1_258' title='bbox 1216 4145 1329 4194; x_wconf 92' lang='lat' dir='ltr'>octavo</span> <span class='ocrx_word' id='word_1_259' title='bbox 1354 4132 1406 4193; x_wconf 91' lang='lat' dir='ltr'>die</span> <span class='ocrx_word' id='word_1_260' title='bbox 1431 4132 1482 4215; x_wconf 87' lang='lat' dir='ltr'>ju·</span> 
     </span>
     <span class='ocr_line' id='line_1_35' title="bbox 216 4238 1481 4321; baseline 0.003 -23"><span class='ocrx_word' id='word_1_261' title='bbox 216 4239 298 4300; x_wconf 89' lang='lat' dir='ltr'>rabit</span> <span class='ocrx_word' id='word_1_262' title='bbox 322 4260 354 4300; x_wconf 91' lang='lat' dir='ltr'>se</span> <span class='ocrx_word' id='word_1_263' title='bbox 378 4240 505 4316; x_wconf 87' lang='lat' dir='ltr'>tercius,</span> <span class='ocrx_word' id='word_1_264' title='bbox 530 4239 617 4319; x_wconf 91' lang='lat' dir='ltr'>quod</span> <span class='ocrx_word' id='word_1_265' title='bbox 652 4239 718 4320; x_wconf 94' lang='lat' dir='ltr'>ipse</span> <span class='ocrx_word' id='word_1_266' title='bbox 751 4259 809 4300; x_wconf 90' lang='lat' dir='ltr'>nec</span> <span class='ocrx_word' id='word_1_267' title='bbox 840 4259 916 4300; x_wconf 93' lang='lat' dir='ltr'>suus</span> <span class='ocrx_word' id='word_1_268' title='bbox 946 4240 1111 4321; x_wconf 88' lang='lat' dir='ltr'>privignus</span> <span class='ocrx_word' id='word_1_269' title='bbox 1143 4238 1267 4318; x_wconf 89' lang='lat' dir='ltr'>aliquas</span> <span class='ocrx_word' id='word_1_270' title='bbox 1291 4257 1339 4299; x_wconf 88' lang='lat' dir='ltr'>res</span> <span class='ocrx_word' id='word_1_271' title='bbox 1364 4238 1396 4299; x_wconf 94' lang='lat' dir='ltr'>in</span> <span class='ocrx_word' id='word_1_272' title='bbox 1421 4259 1481 4302; x_wconf 89' lang='lat' dir='ltr'>sua</span> 
     </span>
     <span class='ocr_line' id='line_1_36' title="bbox 215 4344 1195 4427; baseline 0.002 -23"><span class='ocrx_word' id='word_1_273' title='bbox 215 4345 305 4406; x_wconf 90' lang='lat' dir='ltr'>vinea</span> <span class='ocrx_word' id='word_1_274' title='bbox 332 4344 534 4421; x_wconf 86' lang='lat' dir='ltr'>furaverunt;</span> <span class='ocrx_word' id='word_1_275' title='bbox 560 4345 679 4405; x_wconf 88' lang='lat' dir='ltr'>ibidem</span> <span class='ocrx_word' id='word_1_276' title='bbox 704 4345 790 4405; x_wconf 89' lang='lat' dir='ltr'>solus</span> <span class='ocrx_word' id='word_1_277' title='bbox 813 4345 930 4423; x_wconf 82' lang='lat' dir='ltr'>jurabit</span> <span class='ocrx_word' id='word_1_278' title='bbox 956 4345 994 4406; x_wconf 92' lang='lat' dir='ltr'>de</span> <span class='ocrx_word' id='word_1_279' title='bbox 1019 4344 1195 4427; x_wconf 88' lang='lat' dir='ltr'>vituperiis.</span> 
     </span>
    </p>

    <p class='ocr_par' dir='ltr' id='par_1_17' title="bbox 213 4448 1482 4636">
     <span class='ocr_line' id='line_1_37' title="bbox 321 4448 1482 4533; baseline 0.002 -22"><span class='ocrx_word' id='word_1_280' title='bbox 321 4451 397 4512; x_wconf 91' lang='lat' dir='ltr'>ltem</span> <span class='ocrx_word' id='word_1_281' title='bbox 423 4471 514 4511; x_wconf 91' lang='lat' dir='ltr'>causa</span> <span class='ocrx_word' id='word_1_282' title='bbox 541 4450 668 4510; x_wconf 89' lang='lat' dir='ltr'>Gerdak</span> <span class='ocrx_word' id='word_1_283' title='bbox 694 4463 725 4512; x_wconf 91' lang='lat' dir='ltr'>et</span> <span class='ocrx_word' id='word_1_284' title='bbox 751 4451 856 4511; x_wconf 88' lang='lat' dir='ltr'>Lachk</span> <span class='ocrx_word' id='word_1_285' title='bbox 881 4451 1016 4532; x_wconf 90' lang='lat' dir='ltr'>lapicide</span> <span class='ocrx_word' id='word_1_286' title='bbox 1038 4465 1084 4513; x_wconf 90' lang='lat' dir='ltr'>est</span> <span class='ocrx_word' id='word_1_287' title='bbox 1108 4470 1164 4533; x_wconf 92' lang='lat' dir='ltr'>per</span> <span class='ocrx_word' id='word_1_288' title='bbox 1188 4448 1368 4511; x_wconf 76' lang='lat' dir='ltr'>iohannem</span> <span class='ocrx_word' id='word_1_289' title='bbox 1394 4448 1482 4513; x_wconf 90' lang='lat' dir='ltr'>Che-</span> 
     </span>
     <span class='ocr_line' id='line_1_38' title="bbox 213 4556 919 4636; baseline 0.004 -20"><span class='ocrx_word' id='word_1_290' title='bbox 213 4557 304 4617; x_wconf 90' lang='lat' dir='ltr'>merii</span> <span class='ocrx_word' id='word_1_291' title='bbox 330 4557 369 4617; x_wconf 92' lang='lat' dir='ltr'>ad</span> <span class='ocrx_word' id='word_1_292' title='bbox 394 4570 465 4617; x_wconf 92' lang='lat' dir='ltr'>octo</span> <span class='ocrx_word' id='word_1_293' title='bbox 491 4556 559 4616; x_wconf 91' lang='lat' dir='ltr'>dies</span> <span class='ocrx_word' id='word_1_294' title='bbox 583 4569 707 4636; x_wconf 87' lang='lat' dir='ltr'>recepta</span> <span class='ocrx_word' id='word_1_295' title='bbox 732 4556 770 4616; x_wconf 90' lang='lat' dir='ltr'>ad</span> <span class='ocrx_word' id='word_1_296' title='bbox 796 4576 919 4636; x_wconf 89' lang='lat' dir='ltr'>pacem.</span> 
     </span>
    </p>

    <p class='ocr_par' dir='ltr' id='par_1_18' title="bbox 212 4661 1482 4956">
     <span class='ocr_line' id='line_1_39' title="bbox 318 4661 1482 4742; baseline 0.002 -20"><span class='ocrx_word' id='word_1_297' title='bbox 318 4662 395 4723; x_wconf 91' lang='lat' dir='ltr'>ltem</span> <span class='ocrx_word' id='word_1_298' title='bbox 429 4662 628 4742; x_wconf 88' lang='lat' dir='ltr'>Margaretha</span> <span class='ocrx_word' id='word_1_299' title='bbox 662 4661 778 4722; x_wconf 86' lang='lat' dir='ltr'>mulier</span> <span class='ocrx_word' id='word_1_300' title='bbox 809 4677 923 4724; x_wconf 88' lang='lat' dir='ltr'>octavo</span> <span class='ocrx_word' id='word_1_301' title='bbox 948 4663 998 4723; x_wconf 93' lang='lat' dir='ltr'>die</span> <span class='ocrx_word' id='word_1_302' title='bbox 1034 4678 1144 4726; x_wconf 89' lang='lat' dir='ltr'>contra</span> <span class='ocrx_word' id='word_1_303' title='bbox 1179 4663 1285 4726; x_wconf 90' lang='lat' dir='ltr'>Mathe</span> <span class='ocrx_word' id='word_1_304' title='bbox 1319 4662 1482 4724; x_wconf 93' lang='lat' dir='ltr'>decanum</span> 
     </span>
     <span class='ocr_line' id='line_1_40' title="bbox 212 4767 1480 4853; baseline 0.002 -25"><span class='ocrx_word' id='word_1_305' title='bbox 212 4768 280 4828; x_wconf 90' lang='lat' dir='ltr'>sola</span> <span class='ocrx_word' id='word_1_306' title='bbox 305 4768 420 4848; x_wconf 80' lang='lat' dir='ltr'>jurabit</span> <span class='ocrx_word' id='word_1_307' title='bbox 444 4768 475 4828; x_wconf 94' lang='lat' dir='ltr'>in</span> <span class='ocrx_word' id='word_1_308' title='bbox 501 4789 551 4847; x_wconf 90' lang='lat' dir='ltr'>eo,</span> <span class='ocrx_word' id='word_1_309' title='bbox 575 4767 663 4849; x_wconf 92' lang='lat' dir='ltr'>quod</span> <span class='ocrx_word' id='word_1_310' title='bbox 689 4768 755 4849; x_wconf 88' lang='lat' dir='ltr'>ipsa</span> <span class='ocrx_word' id='word_1_311' title='bbox 780 4770 934 4850; x_wconf 87' lang='lat' dir='ltr'>quasdam</span> <span class='ocrx_word' id='word_1_312' title='bbox 960 4769 1109 4832; x_wconf 87' lang='lat' dir='ltr'>lardones</span> <span class='ocrx_word' id='word_1_313' title='bbox 1134 4772 1166 4832; x_wconf 93' lang='lat' dir='ltr'>in</span> <span class='ocrx_word' id='word_1_314' title='bbox 1191 4770 1334 4853; x_wconf 90' lang='lat' dir='ltr'>precium</span> <span class='ocrx_word' id='word_1_315' title='bbox 1359 4768 1480 4831; x_wconf 88' lang='lat' dir='ltr'>domus</span> 
     </span>
     <span class='ocr_line' id='line_1_41' title="bbox 212 4874 612 4956; baseline 0 -21"><span class='ocrx_word' id='word_1_316' title='bbox 212 4874 306 4936; x_wconf 90' lang='lat' dir='ltr'>matri</span> <span class='ocrx_word' id='word_1_317' title='bbox 331 4894 387 4936; x_wconf 91' lang='lat' dir='ltr'>sue</span> <span class='ocrx_word' id='word_1_318' title='bbox 411 4875 612 4956; x_wconf 89' lang='lat' dir='ltr'>assignasset.</span> 
     </span>
    </p>
   </div>
   <div class='ocr_carea' id='block_1_5' title="bbox 0 0 1706 5362">
    <p class='ocr_par' dir='ltr' id='par_1_19' title="bbox 0 0 1706 5362">
     <span class='ocr_line' id='line_1_42' title="bbox 0 0 1706 5362; baseline 0 3"><span class='ocrx_word' id='word_1_319' title='bbox 0 0 1706 5362; x_wconf 95' lang='lat' dir='ltr'> </span> 
     </span>
    </p>
   </div>
  </div>
 </body>
</html>
