3404 5362
542 503 638 577 Feria
667 507 775 576 tercia
802 510 880 592 post
909 502 1109 573 dominicam
1137 501 1373 572 Reminiscere.

436 658 514 719 ltem
546 656 702 719 Martinus
734 653 890 738 Zekyrich
919 666 1029 715 contra
1063 652 1208 734 Dragech
1240 653 1347 735 primo
1384 651 1503 713 citatus
1537 670 1604 712 non

330 764 520 847 comparuit.

435 868 514 931 ltem
540 869 672 931 domina
697 869 796 930 Lucia
819 880 927 929 contra
962 865 1130 927 Elizabeth
1163 879 1277 927 octavo
1302 863 1354 925 die
1380 862 1608 945 respondebit.

436 975 513 1038 ltem
540 974 701 1057 Georgius
733 974 948 1057 carpentarius
978 985 1087 1034 contra
1113 972 1291 1054 Symonem
1324 984 1439 1031 octavo
1466 969 1520 1030 die
1557 989 1605 1029 re-

331 1081 513 1164 spondebit.

436 1188 514 1250 ltem
539 1186 721 1269 Stephanus
744 1185 904 1248 Pecohleb
929 1198 1039 1247 contra
1065 1185 1220 1246 Jacobum
1247 1183 1325 1246 Bole
1351 1182 1458 1264 primo
1488 1181 1605 1243 citatus

329 1314 393 1357 non
420 1293 611 1377 comparuit.

438 1399 515 1461 ltem
548 1398 730 1481 Stephanus
761 1397 922 1461 Pecohleb
954 1411 1063 1460 contra
1097 1396 1314 1479 Dragozlaum
1340 1393 1446 1476 ptimo
1488 1394 1605 1455 citatus

330 1526 395 1568 non
420 1506 611 1589 comparuit.

435 1611 511 1673 ltem
547 1610 710 1673 Johannes
746 1610 893 1694 Samlyar
927 1624 1037 1673 contra
1075 1611 1206 1672 Petrum
1242 1609 1346 1691 primo
1379 1607 1497 1668 citatus
1536 1624 1602 1666 non

329 1718 520 1800 comparuit.

435 1824 512 1885 Item
538 1823 691 1885 Nicolaus
715 1824 861 1904 Rogosar
890 1837 1000 1885 contra
1026 1822 1221 1905 Gregorium
1253 1820 1372 1902 Angeli
1405 1833 1523 1882 octavo
1550 1818 1602 1878 die

328 1929 547 2011 respondebit.

433 2037 512 2098 ltem
536 2036 607 2119 lsyp
632 2049 733 2098 sartor
756 2050 866 2098 contra
890 2036 977 2098 lwau
1002 2036 1145 2098 secundo
1169 2036 1283 2097 citatus
1307 2054 1372 2096 non
1401 2032 1598 2115 comparuit.

435 2143 512 2205 ltem
537 2142 657 2204 Paulus
680 2156 790 2205 contra
816 2142 1010 2225 Gregorium
1024 2142 1166 2204 secundo
1183 2142 1297 2203 citatus
1321 2159 1386 2202 non
1404 2139 1599 2222 comparuit.

434 2249 511 2312 ltem
537 2247 714 2330 Gregorius
738 2249 980 2332 Chudauchych
1013 2262 1123 2311 contra
1156 2246 1315 2310 Janchech
1340 2246 1448 2330 primo
1482 2245 1598 2307 citatus

328 2375 393 2418 non
427 2356 616 2439 comparuit.

432 2462 511 2524 ltem
536 2461 699 2524 Johannes
722 2460 807 2524 filius
829 2462 942 2524 militis
972 2475 1082 2524 contra
1108 2460 1223 2523 Mench
1248 2461 1353 2543 primo
1385 2459 1502 2522 citatus
1527 2478 1592 2520 non

328 2570 519 2652 comparuit.

434 2675 510 2736 ltem
536 2674 636 2736 Herih
661 2672 791 2757 pellifex
816 2687 925 2736 contra
950 2674 1092 2736 relictam
1118 2674 1245 2737 Crisani
1270 2673 1375 2756 primo
1398 2672 1515 2734 citatus
1530 2690 1594 2733 non

329 2782 520 2865 comparuit.

432 2887 511 2948 ltem
535 2899 629 2948 testes
662 2886 787 2948 Lucasii
819 2900 929 2948 contra
962 2886 1129 2948 dominam
1161 2885 1305 2948 relictam
1339 2885 1522 2949 Clementis
1555 2884 1595 2947 ad

327 2993 598 3057 deliberacionem
623 2993 662 3054 ad
687 3007 837 3054 octavum
862 2993 948 3055 diem
972 2994 1147 3055 terminum
1176 3006 1375 3075 receperunt.

435 3100 512 3162 ltem
538 3099 650 3183 Cygan
676 3113 785 3162 contra
810 3101 959 3162 Markum
983 3100 1088 3183 primo
1117 3101 1231 3161 citatus
1262 3119 1328 3161 non
1357 3099 1550 3183 comparuit.

433 3207 512 3269 ltem
537 3204 650 3288 Cygan
675 3220 785 3268 contra
809 3205 991 3268 iohannem
1015 3205 1212 3268 aurifabrum
1237 3206 1342 3288 primo
1377 3205 1493 3268 citatus
1528 3225 1595 3267 non

325 3313 517 3395 comparuit.

432 3419 509 3481 ltem
535 3418 643 3480 Bartol
668 3432 777 3480 contra
802 3422 931 3481 Annam
955 3420 1124 3482 mulierem
1147 3420 1253 3502 primo
1284 3420 1399 3482 citatus
1416 3439 1483 3482 non
1507 3439 1596 3482 com-

325 3526 440 3609 paruit.

430 3631 508 3693 ltem
534 3631 687 3693 Sciturich
711 3644 822 3693 contra
846 3632 1011 3694 Vrbanum
1036 3632 1141 3715 primo
1163 3634 1277 3695 citatus
1304 3651 1369 3693 non
1395 3633 1594 3714 comparuit.

432 3738 510 3799 Item
527 3757 621 3800 causa
647 3738 779 3819 Georgii
798 3753 907 3801 contra
932 3739 1047 3802 Crisan
1075 3739 1115 3801 ad
1133 3753 1283 3801 octavum
1308 3739 1394 3800 diem
1420 3738 1460 3800 ad
1478 3759 1594 3822 pacem

325 3857 371 3906 est
395 3856 532 3927 recepta.

433 3950 509 4012 ltem
528 3950 721 4012 Benedictus
745 3965 859 4013 octavo
884 3952 935 4013 die
960 3965 1070 4014 contra
1091 3953 1300 4014 Valentinum
1324 3965 1413 4014 sexto
1438 3972 1471 4014 se
1497 3972 1595 4036 super

323 4075 362 4118 eo
386 4055 513 4138 jurabit,
537 4056 626 4137 quod
650 4057 717 4139 ipse
741 4057 773 4119 in
798 4059 998 4119 cremacione
1023 4058 1187 4120 cuiusdam
1214 4058 1331 4121 stabuli
1356 4071 1387 4120 et
1409 4059 1591 4121 succisione

324 4163 417 4224 vinee
442 4161 518 4224 dicti
543 4162 707 4224 Valentini
733 4164 888 4226 innocens
911 4164 962 4226 sit.
1258 4175 1262 4182 ’

429 4268 507 4331 Item
522 4269 674 4331 Nicolaus
698 4268 782 4332 filius
807 4271 898 4332 Pauli
923 4285 1033 4332 contra
1062 4272 1272 4334 Valentinum
1301 4271 1445 4335 secundo
1473 4273 1591 4336 citatus

323 4394 388 4436 non
413 4376 603 4457 comparuit.

428 4480 507 4543 ltem
531 4482 693 4544 lohannes
717 4482 803 4545 filius
833 4484 949 4547 Donati
975 4499 1086 4547 contra
1118 4486 1321 4549 Anthonium
1354 4487 1454 4549 Renis
1484 4489 1592 4570 primo

323 4586 438 4648 citatus
469 4607 534 4648 non
565 4590 753 4671 comparuit.

428 4693 507 4755 ltem
533 4694 698 4757 Dionisius
723 4708 754 4757 et
783 4697 894 4757 Petrus
926 4697 1065 4760 carnifex
1098 4713 1212 4761 octavo
1237 4701 1288 4762 die
1321 4715 1431 4763 contra
1464 4723 1533 4764 sese
1559 4704 1591 4768 in

322 4797 406 4860 facto
431 4799 632 4883 depascionis
656 4802 814 4883 quosdam
838 4817 934 4866 testes
958 4818 1097 4868 statuere
1122 4806 1254 4869 debent.
