<?xml version="1.0" encoding="UTF-8"?>
<!DOCTYPE html PUBLIC "-//W3C//DTD XHTML 1.0 Transitional//EN"
    "http://www.w3.org/TR/xhtml1/DTD/xhtml1-transitional.dtd">
<html xmlns="http://www.w3.org/1999/xhtml" xml:lang="en" lang="en">
 <head>
  <title>
</title>
<meta http-equiv="Content-Type" content="text/html;charset=utf-8" />
  <meta name='ocr-system' content='tesseract 3.04.00' />
  <meta name='ocr-capabilities' content='ocr_page ocr_carea ocr_par ocr_line ocrx_word'/>
</head>
<body>
  <div class='ocr_page' id='page_1' title='image "./monumentahistor04laszgoog/monumentahistor04laszgoog_0169.png"; bbox 0 0 3404 5362; ppageno 0'>
   <div class='ocr_carea' id='block_1_1' title="bbox 609 356 1071 435">
    <p class='ocr_par' dir='ltr' id='par_1_1' title="bbox 609 356 1071 435">
     <span class='ocr_line' id='line_1_1' title="bbox 609 356 1071 435; baseline 0.009 -20"><span class='ocrx_word' id='word_1_1' title='bbox 609 356 812 435; x_wconf 80' lang='lat' dir='ltr'><strong>Ann01378.</strong></span> <span class='ocrx_word' id='word_1_2' title='bbox 837 392 877 401; x_wconf 95' lang='lat'>-</span> <span class='ocrx_word' id='word_1_3' title='bbox 899 373 933 432; x_wconf 86' lang='lat'><strong>9.</strong></span> <span class='ocrx_word' id='word_1_4' title='bbox 958 361 1071 433; x_wconf 79' lang='lat' dir='ltr'><em>aprilis.</em></span> 
     </span>
    </p>
   </div>
   <div class='ocr_carea' id='block_1_2' title="bbox 1335 468 1487 475">
    <p class='ocr_par' dir='ltr' id='par_1_2' title="bbox 1335 468 1487 475">
     <span class='ocr_line' id='line_1_2' title="bbox 1335 468 1487 475; baseline 0.02 -3"><span class='ocrx_word' id='word_1_5' title='bbox 1335 468 1487 475; x_wconf 78' lang='lat'><strong>.—-—..-.</strong></span> 
     </span>
    </p>
   </div>
   <div class='ocr_carea' id='block_1_3' title="bbox 213 568 1488 2241">
    <p class='ocr_par' dir='ltr' id='par_1_3' title="bbox 214 568 1488 969">
     <span class='ocr_line' id='line_1_3' title="bbox 317 568 1488 651; baseline 0.003 -22"><span class='ocrx_word' id='word_1_6' title='bbox 317 569 394 630; x_wconf 91' lang='lat' dir='ltr'><strong>ltem</strong></span> <span class='ocrx_word' id='word_1_7' title='bbox 423 568 603 650; x_wconf 82' lang='lat' dir='ltr'>Stephanus</span> <span class='ocrx_word' id='word_1_8' title='bbox 627 584 737 630; x_wconf 88' lang='lat' dir='ltr'><strong>contra</strong></span> <span class='ocrx_word' id='word_1_9' title='bbox 755 588 889 631; x_wconf 82' lang='lat' dir='ltr'><strong>uxorem</strong></span> <span class='ocrx_word' id='word_1_10' title='bbox 906 570 990 632; x_wconf 86' lang='lat' dir='ltr'><strong>Petri</strong></span> <span class='ocrx_word' id='word_1_11' title='bbox 1018 570 1130 632; x_wconf 92' lang='lat' dir='ltr'><strong>Touth</strong></span> <span class='ocrx_word' id='word_1_12' title='bbox 1147 585 1263 632; x_wconf 90' lang='lat' dir='ltr'><strong>octavo</strong></span> <span class='ocrx_word' id='word_1_13' title='bbox 1288 569 1340 632; x_wconf 92' lang='lat' dir='ltr'><strong>die</strong></span> <span class='ocrx_word' id='word_1_14' title='bbox 1366 570 1488 651; x_wconf 88' lang='lat' dir='ltr'><strong>jurabit</strong></span> 
     </span>
     <span class='ocr_line' id='line_1_4' title="bbox 214 674 1486 758; baseline 0.002 -22"><span class='ocrx_word' id='word_1_15' title='bbox 214 675 343 757; x_wconf 88' lang='lat' dir='ltr'><strong>propria</strong></span> <span class='ocrx_word' id='word_1_16' title='bbox 368 693 504 756; x_wconf 90' lang='lat' dir='ltr'><strong>persona</strong></span> <span class='ocrx_word' id='word_1_17' title='bbox 536 674 569 735; x_wconf 93' lang='lat' dir='ltr'><strong>in</strong></span> <span class='ocrx_word' id='word_1_18' title='bbox 601 693 651 752; x_wconf 93' lang='lat' dir='ltr'><strong>e0,</strong></span> <span class='ocrx_word' id='word_1_19' title='bbox 683 674 772 755; x_wconf 93' lang='lat' dir='ltr'><strong>quod</strong></span> <span class='ocrx_word' id='word_1_20' title='bbox 804 675 871 757; x_wconf 88' lang='lat' dir='ltr'><strong>ipse</strong></span> <span class='ocrx_word' id='word_1_21' title='bbox 901 676 961 738; x_wconf 88' lang='lat' dir='ltr'><strong>sibi</strong></span> <span class='ocrx_word' id='word_1_22' title='bbox 993 690 1165 758; x_wconf 89' lang='lat' dir='ltr'><strong>poztauam</strong></span> <span class='ocrx_word' id='word_1_23' title='bbox 1196 676 1261 737; x_wconf 92' lang='lat' dir='ltr'><strong>vini</strong></span> <span class='ocrx_word' id='word_1_24' title='bbox 1286 695 1353 737; x_wconf 94' lang='lat' dir='ltr'><strong>non</strong></span> <span class='ocrx_word' id='word_1_25' title='bbox 1390 676 1486 738; x_wconf 90' lang='lat' dir='ltr'><strong>dimi·</strong></span> 
     </span>
     <span class='ocr_line' id='line_1_5' title="bbox 219 779 1486 864; baseline 0.002 -22"><span class='ocrx_word' id='word_1_26' title='bbox 219 781 319 859; x_wconf 79' lang='lat' dir='ltr'><strong>sisset,</strong></span> <span class='ocrx_word' id='word_1_27' title='bbox 343 794 374 842; x_wconf 93' lang='lat' dir='ltr'><strong>et</strong></span> <span class='ocrx_word' id='word_1_28' title='bbox 397 780 587 841; x_wconf 88' lang='lat' dir='ltr'><strong>secundario</strong></span> <span class='ocrx_word' id='word_1_29' title='bbox 603 779 721 860; x_wconf 91' lang='lat' dir='ltr'><strong>jurabit</strong></span> <span class='ocrx_word' id='word_1_30' title='bbox 743 794 811 843; x_wconf 89' lang='lat' dir='ltr'><strong>met</strong></span> <span class='ocrx_word' id='word_1_31' title='bbox 822 781 993 861; x_wconf 89' lang='lat' dir='ltr'><strong>secundus,</strong></span> <span class='ocrx_word' id='word_1_32' title='bbox 1018 781 1107 864; x_wconf 93' lang='lat' dir='ltr'><strong>quod</strong></span> <span class='ocrx_word' id='word_1_33' title='bbox 1123 782 1183 844; x_wconf 88' lang='lat' dir='ltr'><strong>sibi</strong></span> <span class='ocrx_word' id='word_1_34' title='bbox 1208 783 1237 844; x_wconf 89' lang='lat' dir='ltr'>X</span> <span class='ocrx_word' id='word_1_35' title='bbox 1261 783 1400 844; x_wconf 91' lang='lat' dir='ltr'>cubulos</span> <span class='ocrx_word' id='word_1_36' title='bbox 1417 784 1486 845; x_wconf 88' lang='lat' dir='ltr'><strong>vini</strong></span> 
     </span>
     <span class='ocr_line' id='line_1_6' title="bbox 217 884 630 969; baseline -0.002 -20"><span class='ocrx_word' id='word_1_37' title='bbox 217 887 348 969; x_wconf 91' lang='lat' dir='ltr'><strong>dampni</strong></span> <span class='ocrx_word' id='word_1_38' title='bbox 373 906 439 948; x_wconf 89' lang='lat' dir='ltr'><strong>non</strong></span> <span class='ocrx_word' id='word_1_39' title='bbox 463 884 630 948; x_wconf 90' lang='lat' dir='ltr'><strong>intulisset.</strong></span> 
     </span>
    </p>

    <p class='ocr_par' dir='ltr' id='par_1_4' title="bbox 216 991 1484 1182">
     <span class='ocr_line' id='line_1_7' title="bbox 320 991 1484 1077; baseline 0.003 -24"><span class='ocrx_word' id='word_1_40' title='bbox 320 993 399 1055; x_wconf 86' lang='lat' dir='ltr'>Item</span> <span class='ocrx_word' id='word_1_41' title='bbox 424 991 568 1074; x_wconf 87' lang='lat' dir='ltr'><strong>Zagorch</strong></span> <span class='ocrx_word' id='word_1_42' title='bbox 593 991 756 1054; x_wconf 86' lang='lat' dir='ltr'><strong>lohannes</strong></span> <span class='ocrx_word' id='word_1_43' title='bbox 779 1005 825 1054; x_wconf 90' lang='lat' dir='ltr'><strong>est</strong></span> <span class='ocrx_word' id='word_1_44' title='bbox 853 995 1019 1056; x_wconf 89' lang='lat' dir='ltr'><strong>convictus</strong></span> <span class='ocrx_word' id='word_1_45' title='bbox 1042 995 1075 1056; x_wconf 91' lang='lat' dir='ltr'><strong>in</strong></span> <span class='ocrx_word' id='word_1_46' title='bbox 1099 994 1129 1056; x_wconf 87' lang='lat' dir='ltr'>X</span> <span class='ocrx_word' id='word_1_47' title='bbox 1153 994 1279 1074; x_wconf 88' lang='lat' dir='ltr'><strong>marcis,</strong></span> <span class='ocrx_word' id='word_1_48' title='bbox 1303 1014 1383 1075; x_wconf 85' lang='lat' dir='ltr'><strong>ergo</strong></span> <span class='ocrx_word' id='word_1_49' title='bbox 1406 995 1484 1077; x_wconf 91' lang='lat' dir='ltr'><strong>quia</strong></span> 
     </span>
     <span class='ocr_line' id='line_1_8' title="bbox 216 1097 1081 1182; baseline 0.002 -22"><span class='ocrx_word' id='word_1_50' title='bbox 216 1099 377 1182; x_wconf 82' lang='lat' dir='ltr'><strong>quendam</strong></span> <span class='ocrx_word' id='word_1_51' title='bbox 403 1097 529 1159; x_wconf 83' lang='lat' dir='ltr'>fabrum</span> <span class='ocrx_word' id='word_1_52' title='bbox 554 1099 683 1180; x_wconf 89' lang='lat' dir='ltr'><strong>propria</strong></span> <span class='ocrx_word' id='word_1_53' title='bbox 707 1098 896 1161; x_wconf 88' lang='lat' dir='ltr'><strong>auctoritate</strong></span> <span class='ocrx_word' id='word_1_54' title='bbox 920 1100 1081 1182; x_wconf 89' lang='lat' dir='ltr'><strong>spoliavit.</strong></span> 
     </span>
    </p>

    <p class='ocr_par' dir='ltr' id='par_1_5' title="bbox 213 1203 1488 1395">
     <span class='ocr_line' id='line_1_9' title="bbox 324 1203 1488 1284; baseline 0.004 -19"><span class='ocrx_word' id='word_1_55' title='bbox 324 1205 401 1267; x_wconf 86' lang='lat' dir='ltr'>Item</span> <span class='ocrx_word' id='word_1_56' title='bbox 428 1203 588 1284; x_wconf 76' lang='lat' dir='ltr'><strong>Georgius</strong></span> <span class='ocrx_word' id='word_1_57' title='bbox 611 1217 712 1264; x_wconf 82' lang='lat' dir='ltr'><strong>sartor</strong></span> <span class='ocrx_word' id='word_1_58' title='bbox 736 1217 846 1266; x_wconf 90' lang='lat' dir='ltr'><strong>contra</strong></span> <span class='ocrx_word' id='word_1_59' title='bbox 870 1206 1042 1268; x_wconf 84' lang='lat' dir='ltr'><strong>Nicolaum</strong></span> <span class='ocrx_word' id='word_1_60' title='bbox 1062 1206 1188 1269; x_wconf 88' lang='lat' dir='ltr'><strong>Crisani</strong></span> <span class='ocrx_word' id='word_1_61' title='bbox 1212 1205 1290 1268; x_wconf 87' lang='lat' dir='ltr'><strong>feria</strong></span> <span class='ocrx_word' id='word_1_62' title='bbox 1322 1220 1411 1269; x_wconf 85' lang='lat' dir='ltr'><strong>sexta</strong></span> <span class='ocrx_word' id='word_1_63' title='bbox 1434 1227 1488 1270; x_wconf 89' lang='lat' dir='ltr'><strong>re·</strong></span> 
     </span>
     <span class='ocr_line' id='line_1_10' title="bbox 213 1311 396 1395; baseline 0 -23"><span class='ocrx_word' id='word_1_64' title='bbox 213 1311 396 1395; x_wconf 91' lang='lat' dir='ltr'><strong>spondebit.</strong></span> 
     </span>
    </p>

    <p class='ocr_par' dir='ltr' id='par_1_6' title="bbox 213 1416 1485 1607">
     <span class='ocr_line' id='line_1_11' title="bbox 317 1416 1485 1499; baseline 0.003 -21"><span class='ocrx_word' id='word_1_65' title='bbox 317 1418 396 1479; x_wconf 90' lang='lat' dir='ltr'><strong>ltem</strong></span> <span class='ocrx_word' id='word_1_66' title='bbox 421 1416 561 1498; x_wconf 90' lang='lat' dir='ltr'><strong>quedam</strong></span> <span class='ocrx_word' id='word_1_67' title='bbox 586 1416 702 1477; x_wconf 91' lang='lat' dir='ltr'><strong>mulier</strong></span> <span class='ocrx_word' id='word_1_68' title='bbox 725 1431 836 1478; x_wconf 89' lang='lat' dir='ltr'><strong>contra</strong></span> <span class='ocrx_word' id='word_1_69' title='bbox 860 1416 1039 1499; x_wconf 85' lang='lat' dir='ltr'><strong>Georgium</strong></span> <span class='ocrx_word' id='word_1_70' title='bbox 1063 1418 1103 1480; x_wconf 93' lang='lat' dir='ltr'><strong>ad</strong></span> <span class='ocrx_word' id='word_1_71' title='bbox 1128 1417 1284 1499; x_wconf 82' lang='lat' dir='ltr'><strong>judicium</strong></span> <span class='ocrx_word' id='word_1_72' title='bbox 1309 1438 1376 1480; x_wconf 95' lang='lat' dir='ltr'><strong>non</strong></span> <span class='ocrx_word' id='word_1_73' title='bbox 1393 1438 1485 1481; x_wconf 92' lang='lat' dir='ltr'><strong>com·</strong></span> 
     </span>
     <span class='ocr_line' id='line_1_12' title="bbox 213 1524 329 1607; baseline -0.009 -21"><span class='ocrx_word' id='word_1_74' title='bbox 213 1524 329 1607; x_wconf 88' lang='lat' dir='ltr'><strong>paruit.</strong></span> 
     </span>
    </p>

    <p class='ocr_par' dir='ltr' id='par_1_7' title="bbox 213 1628 1486 1796">
     <span class='ocr_line' id='line_1_13' title="bbox 318 1628 1486 1712; baseline 0.003 -23"><span class='ocrx_word' id='word_1_75' title='bbox 318 1629 397 1691; x_wconf 91' lang='lat' dir='ltr'><strong>ltem</strong></span> <span class='ocrx_word' id='word_1_76' title='bbox 414 1628 548 1710; x_wconf 88' lang='lat' dir='ltr'><strong>quidam</strong></span> <span class='ocrx_word' id='word_1_77' title='bbox 581 1628 753 1692; x_wconf 87' lang='lat' dir='ltr'><strong>Karinteus</strong></span> <span class='ocrx_word' id='word_1_78' title='bbox 785 1643 894 1692; x_wconf 88' lang='lat' dir='ltr'><strong>contra</strong></span> <span class='ocrx_word' id='word_1_79' title='bbox 927 1629 1064 1692; x_wconf 88' lang='lat' dir='ltr'><strong>Paulum</strong></span> <span class='ocrx_word' id='word_1_80' title='bbox 1090 1650 1154 1692; x_wconf 89' lang='lat' dir='ltr'><strong>non</strong></span> <span class='ocrx_word' id='word_1_81' title='bbox 1188 1631 1381 1712; x_wconf 89' lang='lat' dir='ltr'><strong>comparuit,</strong></span> <span class='ocrx_word' id='word_1_82' title='bbox 1399 1650 1486 1712; x_wconf 87' lang='lat' dir='ltr'><strong>ergo</strong></span> 
     </span>
     <span class='ocr_line' id='line_1_14' title="bbox 213 1731 757 1796; baseline 0 0"><span class='ocrx_word' id='word_1_83' title='bbox 213 1735 245 1796; x_wconf 92' lang='lat' dir='ltr'><strong>in</strong></span> <span class='ocrx_word' id='word_1_84' title='bbox 272 1734 355 1795; x_wconf 89' lang='lat' dir='ltr'><strong>vicio</strong></span> <span class='ocrx_word' id='word_1_85' title='bbox 380 1748 411 1795; x_wconf 93' lang='lat' dir='ltr'><strong>et</strong></span> <span class='ocrx_word' id='word_1_86' title='bbox 434 1731 570 1794; x_wconf 84' lang='lat' dir='ltr'><strong>falsitate</strong></span> <span class='ocrx_word' id='word_1_87' title='bbox 595 1735 757 1796; x_wconf 84' lang='lat' dir='ltr'><strong>remansit.</strong></span> 
     </span>
    </p>

    <p class='ocr_par' dir='ltr' id='par_1_8' title="bbox 215 1838 1486 2008">
     <span class='ocr_line' id='line_1_15' title="bbox 320 1838 1486 1924; baseline 0.002 -24"><span class='ocrx_word' id='word_1_88' title='bbox 320 1840 397 1901; x_wconf 90' lang='lat' dir='ltr'><strong>ltem</strong></span> <span class='ocrx_word' id='word_1_89' title='bbox 423 1838 499 1899; x_wconf 91' lang='lat' dir='ltr'><strong>luan</strong></span> <span class='ocrx_word' id='word_1_90' title='bbox 525 1852 635 1901; x_wconf 91' lang='lat' dir='ltr'><strong>contra</strong></span> <span class='ocrx_word' id='word_1_91' title='bbox 659 1840 831 1903; x_wconf 87' lang='lat' dir='ltr'><strong>Nicolaum</strong></span> <span class='ocrx_word' id='word_1_92' title='bbox 847 1860 948 1922; x_wconf 90' lang='lat' dir='ltr'><strong>usque</strong></span> <span class='ocrx_word' id='word_1_93' title='bbox 968 1840 1081 1903; x_wconf 87' lang='lat' dir='ltr'><strong>feriam</strong></span> <span class='ocrx_word' id='word_1_94' title='bbox 1106 1855 1226 1902; x_wconf 80' lang='lat' dir='ltr'><strong>sextam</strong></span> <span class='ocrx_word' id='word_1_95' title='bbox 1243 1841 1409 1904; x_wconf 87' lang='lat' dir='ltr'><strong>racionem</strong></span> <span class='ocrx_word' id='word_1_96' title='bbox 1426 1861 1486 1924; x_wconf 90' lang='lat' dir='ltr'><strong>po·</strong></span> 
     </span>
     <span class='ocr_line' id='line_1_16' title="bbox 215 1946 425 2008; baseline -0.005 0"><span class='ocrx_word' id='word_1_97' title='bbox 215 1965 291 2008; x_wconf 89' lang='lat' dir='ltr'><strong>nere</strong></span> <span class='ocrx_word' id='word_1_98' title='bbox 320 1946 425 2008; x_wconf 90' lang='lat' dir='ltr'><strong>debet.</strong></span> 
     </span>
    </p>

    <p class='ocr_par' dir='ltr' id='par_1_9' title="bbox 214 2052 1487 2241">
     <span class='ocr_line' id='line_1_17' title="bbox 319 2052 1487 2136; baseline 0.002 -24"><span class='ocrx_word' id='word_1_99' title='bbox 319 2052 397 2113; x_wconf 87' lang='lat' dir='ltr'><strong>ltem</strong></span> <span class='ocrx_word' id='word_1_100' title='bbox 423 2053 570 2114; x_wconf 89' lang='lat' dir='ltr'><strong>Andreas</strong></span> <span class='ocrx_word' id='word_1_101' title='bbox 594 2053 650 2115; x_wconf 91' lang='lat' dir='ltr'><strong>Sib</strong></span> <span class='ocrx_word' id='word_1_102' title='bbox 675 2067 786 2114; x_wconf 90' lang='lat' dir='ltr'><strong>contra</strong></span> <span class='ocrx_word' id='word_1_103' title='bbox 809 2052 996 2114; x_wconf 90' lang='lat' dir='ltr'><strong>Ladislaum</strong></span> <span class='ocrx_word' id='word_1_104' title='bbox 1020 2073 1212 2116; x_wconf 86' lang='lat' dir='ltr'><strong>assessorem</strong></span> <span class='ocrx_word' id='word_1_105' title='bbox 1237 2053 1342 2136; x_wconf 91' lang='lat' dir='ltr'><strong>primo</strong></span> <span class='ocrx_word' id='word_1_106' title='bbox 1368 2053 1487 2115; x_wconf 90' lang='lat' dir='ltr'><strong>citatus</strong></span> 
     </span>
     <span class='ocr_line' id='line_1_18' title="bbox 214 2160 496 2241; baseline 0 -21"><span class='ocrx_word' id='word_1_107' title='bbox 214 2179 281 2220; x_wconf 93' lang='lat' dir='ltr'><strong>non</strong></span> <span class='ocrx_word' id='word_1_108' title='bbox 306 2160 496 2241; x_wconf 89' lang='lat' dir='ltr'><strong>comparuit.</strong></span> 
     </span>
    </p>
   </div>
   <div class='ocr_carea' id='block_1_4' title="bbox 306 2377 1395 2613">
    <p class='ocr_par' dir='ltr' id='par_1_10' title="bbox 306 2377 1395 2613">
     <span class='ocr_line' id='line_1_19' title="bbox 306 2377 1395 2468; baseline -0.003 -17"><span class='ocrx_word' id='word_1_109' title='bbox 306 2377 403 2451; x_wconf 86' lang='lat' dir='ltr'><strong>Feria</strong></span> <span class='ocrx_word' id='word_1_110' title='bbox 432 2390 531 2451; x_wconf 83' lang='lat' dir='ltr'><strong>sexta</strong></span> <span class='ocrx_word' id='word_1_111' title='bbox 559 2382 714 2468; x_wconf 86' lang='lat' dir='ltr'><strong>proxima</strong></span> <span class='ocrx_word' id='word_1_112' title='bbox 744 2387 821 2450; x_wconf 91' lang='lat' dir='ltr'><strong>aute</strong></span> <span class='ocrx_word' id='word_1_113' title='bbox 849 2379 1049 2452; x_wconf 84' lang='lat' dir='ltr'><strong>dominicam</strong></span> <span class='ocrx_word' id='word_1_114' title='bbox 1078 2378 1395 2467; x_wconf 85' lang='lat' dir='ltr'><strong>Ramispalmarum.</strong></span> 
     </span>
     <span class='ocr_line' id='line_1_20' title="bbox 742 2533 945 2613; baseline 0.02 -26"><span class='ocrx_word' id='word_1_115' title='bbox 742 2536 785 2613; x_wconf 86' lang='lat'><strong>(9·</strong></span> <span class='ocrx_word' id='word_1_116' title='bbox 817 2533 945 2606; x_wconf 75' lang='lat' dir='ltr'><strong>aprilis).</strong></span> 
     </span>
    </p>
   </div>
   <div class='ocr_carea' id='block_1_5' title="bbox 197 2669 1490 4659">
    <p class='ocr_par' dir='ltr' id='par_1_11' title="bbox 216 2669 1489 2857">
     <span class='ocr_line' id='line_1_21' title="bbox 324 2669 1489 2753; baseline 0.003 -22"><span class='ocrx_word' id='word_1_117' title='bbox 324 2670 401 2731; x_wconf 89' lang='lat' dir='ltr'><strong>Item</strong></span> <span class='ocrx_word' id='word_1_118' title='bbox 426 2669 608 2731; x_wconf 89' lang='lat' dir='ltr'><strong>Anthonius</strong></span> <span class='ocrx_word' id='word_1_119' title='bbox 641 2670 743 2731; x_wconf 85' lang='lat' dir='ltr'><strong>Reniz</strong></span> <span class='ocrx_word' id='word_1_120' title='bbox 775 2684 885 2732; x_wconf 91' lang='lat' dir='ltr'><strong>contra</strong></span> <span class='ocrx_word' id='word_1_121' title='bbox 917 2670 1092 2753; x_wconf 87' lang='lat' dir='ltr'><strong>Gyuanum</strong></span> <span class='ocrx_word' id='word_1_122' title='bbox 1125 2669 1288 2732; x_wconf 91' lang='lat' dir='ltr'><strong>Gallicum</strong></span> <span class='ocrx_word' id='word_1_123' title='bbox 1319 2690 1415 2732; x_wconf 90' lang='lat' dir='ltr'><strong>suum</strong></span> <span class='ocrx_word' id='word_1_124' title='bbox 1451 2688 1489 2735; x_wconf 95' lang='lat' dir='ltr'><strong>ut</strong></span> 
     </span>
     <span class='ocr_line' id='line_1_22' title="bbox 216 2774 986 2857; baseline 0.001 -21"><span class='ocrx_word' id='word_1_125' title='bbox 216 2775 328 2836; x_wconf 90' lang='lat' dir='ltr'><strong>debuit</strong></span> <span class='ocrx_word' id='word_1_126' title='bbox 352 2775 562 2857; x_wconf 90' lang='lat' dir='ltr'><strong>solempniter</strong></span> <span class='ocrx_word' id='word_1_127' title='bbox 586 2774 736 2856; x_wconf 87' lang='lat' dir='ltr'><strong>deposuit</strong></span> <span class='ocrx_word' id='word_1_128' title='bbox 759 2775 986 2857; x_wconf 87' lang='lat' dir='ltr'><strong>juramentum.</strong></span> 
     </span>
    </p>

    <p class='ocr_par' dir='ltr' id='par_1_12' title="bbox 218 2880 1485 3073">
     <span class='ocr_line' id='line_1_23' title="bbox 322 2880 1485 2966; baseline 0.003 -24"><span class='ocrx_word' id='word_1_129' title='bbox 322 2881 399 2942; x_wconf 93' lang='lat' dir='ltr'><strong>ltem</strong></span> <span class='ocrx_word' id='word_1_130' title='bbox 424 2899 517 2942; x_wconf 89' lang='lat' dir='ltr'><strong>causa</strong></span> <span class='ocrx_word' id='word_1_131' title='bbox 543 2880 699 2942; x_wconf 89' lang='lat' dir='ltr'><strong>Johannis</strong></span> <span class='ocrx_word' id='word_1_132' title='bbox 722 2882 838 2943; x_wconf 89' lang='lat' dir='ltr'><strong>literati</strong></span> <span class='ocrx_word' id='word_1_133' title='bbox 871 2897 901 2943; x_wconf 89' lang='lat' dir='ltr'><strong>et</strong></span> <span class='ocrx_word' id='word_1_134' title='bbox 926 2882 1095 2943; x_wconf 88' lang='lat' dir='ltr'><strong>Laureneii</strong></span> <span class='ocrx_word' id='word_1_135' title='bbox 1120 2895 1231 2944; x_wconf 90' lang='lat' dir='ltr'><strong>contra</strong></span> <span class='ocrx_word' id='word_1_136' title='bbox 1254 2882 1331 2943; x_wconf 90' lang='lat' dir='ltr'><strong>luan</strong></span> <span class='ocrx_word' id='word_1_137' title='bbox 1357 2896 1405 2945; x_wconf 90' lang='lat' dir='ltr'><strong>est</strong></span> <span class='ocrx_word' id='word_1_138' title='bbox 1425 2903 1485 2966; x_wconf 91' lang='lat' dir='ltr'><strong>per</strong></span> 
     </span>
     <span class='ocr_line' id='line_1_24' title="bbox 218 2986 1332 3073; baseline 0.002 -24"><span class='ocrx_word' id='word_1_139' title='bbox 218 2986 411 3073; x_wconf 84' lang='lat' dir='ltr'><strong>Gregorium</strong></span> <span class='ocrx_word' id='word_1_140' title='bbox 436 2987 552 3069; x_wconf 86' lang='lat' dir='ltr'><strong>Angeli</strong></span> <span class='ocrx_word' id='word_1_141' title='bbox 577 2987 617 3048; x_wconf 92' lang='lat' dir='ltr'><strong>ad</strong></span> <span class='ocrx_word' id='word_1_142' title='bbox 642 2988 783 3069; x_wconf 89' lang='lat' dir='ltr'><strong>primum</strong></span> <span class='ocrx_word' id='word_1_143' title='bbox 807 2988 963 3069; x_wconf 80' lang='lat' dir='ltr'><strong>judicium</strong></span> <span class='ocrx_word' id='word_1_144' title='bbox 993 3002 1120 3071; x_wconf 89' lang='lat' dir='ltr'><strong>recepta</strong></span> <span class='ocrx_word' id='word_1_145' title='bbox 1144 2989 1185 3061; x_wconf 83' lang='lat' dir='ltr'><strong>ad</strong></span> <span class='ocrx_word' id='word_1_146' title='bbox 1208 3008 1332 3071; x_wconf 89' lang='lat' dir='ltr'><strong>pacem.</strong></span> 
     </span>
    </p>

    <p class='ocr_par' dir='ltr' id='par_1_13' title="bbox 220 3092 1489 3282">
     <span class='ocr_line' id='line_1_25' title="bbox 324 3092 1488 3176; baseline 0.004 -23"><span class='ocrx_word' id='word_1_147' title='bbox 324 3093 401 3153; x_wconf 89' lang='lat' dir='ltr'><strong>ltem</strong></span> <span class='ocrx_word' id='word_1_148' title='bbox 428 3092 535 3154; x_wconf 92' lang='lat' dir='ltr'><strong>Endre</strong></span> <span class='ocrx_word' id='word_1_149' title='bbox 567 3107 675 3154; x_wconf 91' lang='lat' dir='ltr'><strong>contra</strong></span> <span class='ocrx_word' id='word_1_150' title='bbox 710 3094 844 3155; x_wconf 89' lang='lat' dir='ltr'><strong>luanum</strong></span> <span class='ocrx_word' id='word_1_151' title='bbox 876 3095 1113 3176; x_wconf 89' lang='lat' dir='ltr'><strong>carpentarium</strong></span> <span class='ocrx_word' id='word_1_152' title='bbox 1144 3093 1223 3156; x_wconf 85' lang='lat' dir='ltr'><strong>feria</strong></span> <span class='ocrx_word' id='word_1_153' title='bbox 1252 3095 1351 3157; x_wconf 91' lang='lat' dir='ltr'><strong>tercia</strong></span> <span class='ocrx_word' id='word_1_154' title='bbox 1375 3115 1409 3157; x_wconf 90' lang='lat' dir='ltr'><strong>se</strong></span> <span class='ocrx_word' id='word_1_155' title='bbox 1438 3117 1488 3158; x_wconf 89' lang='lat' dir='ltr'><strong>se-</strong></span> 
     </span>
     <span class='ocr_line' id='line_1_26' title="bbox 220 3197 1489 3282; baseline 0.004 -22"><span class='ocrx_word' id='word_1_156' title='bbox 220 3197 344 3260; x_wconf 90' lang='lat' dir='ltr'><strong>cundus</strong></span> <span class='ocrx_word' id='word_1_157' title='bbox 368 3199 485 3280; x_wconf 81' lang='lat' dir='ltr'><strong>jurabit</strong></span> <span class='ocrx_word' id='word_1_158' title='bbox 509 3199 540 3260; x_wconf 96' lang='lat' dir='ltr'><strong>in</strong></span> <span class='ocrx_word' id='word_1_159' title='bbox 566 3219 617 3278; x_wconf 88' lang='lat' dir='ltr'><strong>e0,</strong></span> <span class='ocrx_word' id='word_1_160' title='bbox 641 3199 729 3281; x_wconf 94' lang='lat' dir='ltr'><strong>quod</strong></span> <span class='ocrx_word' id='word_1_161' title='bbox 755 3200 822 3282; x_wconf 87' lang='lat' dir='ltr'><strong>ipse</strong></span> <span class='ocrx_word' id='word_1_162' title='bbox 846 3220 939 3261; x_wconf 90' lang='lat' dir='ltr'><strong>suurn</strong></span> <span class='ocrx_word' id='word_1_163' title='bbox 968 3201 1207 3282; x_wconf 83' lang='lat' dir='ltr'><strong>manutergium</strong></span> <span class='ocrx_word' id='word_1_164' title='bbox 1232 3220 1297 3263; x_wconf 92' lang='lat' dir='ltr'><strong>non</strong></span> <span class='ocrx_word' id='word_1_165' title='bbox 1322 3200 1489 3266; x_wconf 85' lang='lat' dir='ltr'><strong>furaverit.</strong></span> 
     </span>
    </p>

    <p class='ocr_par' dir='ltr' id='par_1_14' title="bbox 215 3304 1489 3703">
     <span class='ocr_line' id='line_1_27' title="bbox 325 3304 1489 3390; baseline 0.006 -26"><span class='ocrx_word' id='word_1_166' title='bbox 325 3304 403 3366; x_wconf 86' lang='lat' dir='ltr'><strong>ltem</strong></span> <span class='ocrx_word' id='word_1_167' title='bbox 436 3304 604 3366; x_wconf 90' lang='lat' dir='ltr'><strong>Ladislaus</strong></span> <span class='ocrx_word' id='word_1_168' title='bbox 635 3325 774 3367; x_wconf 86' lang='lat' dir='ltr'><strong>assessor</strong></span> <span class='ocrx_word' id='word_1_169' title='bbox 810 3320 920 3368; x_wconf 90' lang='lat' dir='ltr'><strong>contra</strong></span> <span class='ocrx_word' id='word_1_170' title='bbox 953 3307 1123 3369; x_wconf 90' lang='lat' dir='ltr'><strong>Miclinum</strong></span> <span class='ocrx_word' id='word_1_171' title='bbox 1154 3327 1345 3370; x_wconf 88' lang='lat' dir='ltr'><strong>assessorem</strong></span> <span class='ocrx_word' id='word_1_172' title='bbox 1378 3309 1489 3390; x_wconf 87' lang='lat' dir='ltr'><strong>primo</strong></span> 
     </span>
     <span class='ocr_line' id='line_1_28' title="bbox 217 3409 1488 3497; baseline 0.005 -26"><span class='ocrx_word' id='word_1_173' title='bbox 217 3409 337 3492; x_wconf 76' lang='lat' dir='ltr'><strong>judicio</strong></span> <span class='ocrx_word' id='word_1_174' title='bbox 361 3430 418 3492; x_wconf 88' lang='lat' dir='ltr'><strong>per</strong></span> <span class='ocrx_word' id='word_1_175' title='bbox 442 3411 589 3473; x_wconf 91' lang='lat' dir='ltr'><strong>Nicolam</strong></span> <span class='ocrx_word' id='word_1_176' title='bbox 614 3411 713 3473; x_wconf 87' lang='lat' dir='ltr'><strong>Veres</strong></span> <span class='ocrx_word' id='word_1_177' title='bbox 738 3426 768 3474; x_wconf 89' lang='lat' dir='ltr'><strong>et</strong></span> <span class='ocrx_word' id='word_1_178' title='bbox 785 3414 953 3475; x_wconf 90' lang='lat' dir='ltr'><strong>Marenum</strong></span> <span class='ocrx_word' id='word_1_179' title='bbox 970 3414 1117 3476; x_wconf 87' lang='lat' dir='ltr'><strong>atestabit</strong></span> <span class='ocrx_word' id='word_1_180' title='bbox 1140 3414 1173 3474; x_wconf 87' lang='lat' dir='ltr'><strong>in</strong></span> <span class='ocrx_word' id='word_1_181' title='bbox 1197 3433 1247 3491; x_wconf 92' lang='lat' dir='ltr'><strong>eo,</strong></span> <span class='ocrx_word' id='word_1_182' title='bbox 1271 3413 1360 3495; x_wconf 94' lang='lat' dir='ltr'><strong>quod</strong></span> <span class='ocrx_word' id='word_1_183' title='bbox 1378 3414 1488 3497; x_wconf 91' lang='lat' dir='ltr'><strong>ipsum</strong></span> 
     </span>
     <span class='ocr_line' id='line_1_29' title="bbox 215 3515 1486 3583; baseline 0.006 -7"><span class='ocrx_word' id='word_1_184' title='bbox 215 3515 302 3577; x_wconf 91' lang='lat' dir='ltr'><strong>idem</strong></span> <span class='ocrx_word' id='word_1_185' title='bbox 327 3516 477 3577; x_wconf 90' lang='lat' dir='ltr'><strong>Miclinus</strong></span> <span class='ocrx_word' id='word_1_186' title='bbox 502 3531 533 3579; x_wconf 93' lang='lat' dir='ltr'><strong>et</strong></span> <span class='ocrx_word' id='word_1_187' title='bbox 557 3517 723 3578; x_wconf 87' lang='lat' dir='ltr'><strong>universos</strong></span> <span class='ocrx_word' id='word_1_188' title='bbox 748 3518 833 3580; x_wconf 88' lang='lat' dir='ltr'><strong>cives</strong></span> <span class='ocrx_word' id='word_1_189' title='bbox 858 3519 897 3581; x_wconf 93' lang='lat' dir='ltr'><strong>de</strong></span> <span class='ocrx_word' id='word_1_190' title='bbox 921 3519 993 3581; x_wconf 90' lang='lat' dir='ltr'><strong>vico</strong></span> <span class='ocrx_word' id='word_1_191' title='bbox 1011 3519 1267 3581; x_wconf 88' lang='lat' dir='ltr'><strong>Thetonicorum</strong></span> <span class='ocrx_word' id='word_1_192' title='bbox 1292 3519 1398 3581; x_wconf 88' lang='lat' dir='ltr'><strong>verbis</strong></span> <span class='ocrx_word' id='word_1_193' title='bbox 1418 3533 1486 3583; x_wconf 90' lang='lat' dir='ltr'><strong>tur·</strong></span> 
     </span>
     <span class='ocr_line' id='line_1_30' title="bbox 215 3620 500 3703; baseline 0.011 -22"><span class='ocrx_word' id='word_1_194' title='bbox 215 3621 312 3703; x_wconf 93' lang='lat' dir='ltr'><strong>pibus</strong></span> <span class='ocrx_word' id='word_1_195' title='bbox 336 3620 500 3684; x_wconf 87' lang='lat' dir='ltr'><strong>affecisset.</strong></span> 
     </span>
    </p>

    <p class='ocr_par' dir='ltr' id='par_1_15' title="bbox 197 3728 1487 3916">
     <span class='ocr_line' id='line_1_31' title="bbox 321 3728 1487 3810; baseline 0.005 -22"><span class='ocrx_word' id='word_1_196' title='bbox 321 3728 400 3790; x_wconf 89' lang='lat' dir='ltr'><strong>ltem</strong></span> <span class='ocrx_word' id='word_1_197' title='bbox 419 3728 485 3810; x_wconf 80' lang='lat' dir='ltr'><strong>Syb</strong></span> <span class='ocrx_word' id='word_1_198' title='bbox 511 3728 617 3790; x_wconf 92' lang='lat' dir='ltr'><strong>Endre</strong></span> <span class='ocrx_word' id='word_1_199' title='bbox 641 3745 751 3791; x_wconf 88' lang='lat' dir='ltr'><strong>contra</strong></span> <span class='ocrx_word' id='word_1_200' title='bbox 776 3731 960 3793; x_wconf 89' lang='lat' dir='ltr'><strong>Ladislaum</strong></span> <span class='ocrx_word' id='word_1_201' title='bbox 987 3750 1178 3793; x_wconf 87' lang='lat' dir='ltr'><strong>assessorem</strong></span> <span class='ocrx_word' id='word_1_202' title='bbox 1202 3729 1344 3792; x_wconf 89' lang='lat' dir='ltr'><strong>secundo</strong></span> <span class='ocrx_word' id='word_1_203' title='bbox 1367 3730 1487 3794; x_wconf 91' lang='lat' dir='ltr'><strong>citatus</strong></span> 
     </span>
     <span class='ocr_line' id='line_1_32' title="bbox 197 3826 502 3916; baseline -0.003 -21"><span class='ocrx_word' id='word_1_204' title='bbox 197 3826 280 3896; x_wconf 73' lang='lat' dir='ltr'><strong>⁸nou</strong></span> <span class='ocrx_word' id='word_1_205' title='bbox 313 3834 502 3916; x_wconf 88' lang='lat' dir='ltr'><strong>comparuit.</strong></span> 
     </span>
    </p>

    <p class='ocr_par' dir='ltr' id='par_1_16' title="bbox 215 3939 1484 4130">
     <span class='ocr_line' id='line_1_33' title="bbox 322 3939 1484 4025; baseline 0.005 -25"><span class='ocrx_word' id='word_1_206' title='bbox 322 3941 399 4001; x_wconf 92' lang='lat' dir='ltr'><strong>ltem</strong></span> <span class='ocrx_word' id='word_1_207' title='bbox 423 3939 583 4021; x_wconf 90' lang='lat' dir='ltr'><strong>Georgius</strong></span> <span class='ocrx_word' id='word_1_208' title='bbox 600 3961 738 4003; x_wconf 89' lang='lat' dir='ltr'><strong>assessor</strong></span> <span class='ocrx_word' id='word_1_209' title='bbox 762 3957 871 4004; x_wconf 92' lang='lat' dir='ltr'><strong>contra</strong></span> <span class='ocrx_word' id='word_1_210' title='bbox 892 3943 1064 4004; x_wconf 92' lang='lat' dir='ltr'><strong>Nicolaum</strong></span> <span class='ocrx_word' id='word_1_211' title='bbox 1083 3942 1206 4004; x_wconf 91' lang='lat' dir='ltr'><strong>Odolas</strong></span> <span class='ocrx_word' id='word_1_212' title='bbox 1229 3943 1335 4025; x_wconf 91' lang='lat' dir='ltr'><strong>primo</strong></span> <span class='ocrx_word' id='word_1_213' title='bbox 1358 3942 1484 4024; x_wconf 87' lang='lat' dir='ltr'><strong>judicio</strong></span> 
     </span>
     <span class='ocr_line' id='line_1_34' title="bbox 215 4047 433 4130; baseline 0 -21"><span class='ocrx_word' id='word_1_214' title='bbox 215 4047 433 4130; x_wconf 90' lang='lat' dir='ltr'><strong>respondebit.</strong></span> 
     </span>
    </p>

    <p class='ocr_par' dir='ltr' id='par_1_17' title="bbox 215 4151 1490 4447">
     <span class='ocr_line' id='line_1_35' title="bbox 322 4151 1490 4238; baseline 0.004 -26"><span class='ocrx_word' id='word_1_215' title='bbox 322 4153 400 4213; x_wconf 90' lang='lat' dir='ltr'><strong>ltem</strong></span> <span class='ocrx_word' id='word_1_216' title='bbox 417 4172 511 4214; x_wconf 88' lang='lat' dir='ltr'><strong>causa</strong></span> <span class='ocrx_word' id='word_1_217' title='bbox 537 4153 620 4213; x_wconf 88' lang='lat' dir='ltr'><strong>Petri</strong></span> <span class='ocrx_word' id='word_1_218' title='bbox 646 4151 803 4214; x_wconf 87' lang='lat' dir='ltr'><strong>Praudich</strong></span> <span class='ocrx_word' id='word_1_219' title='bbox 829 4166 937 4214; x_wconf 88' lang='lat' dir='ltr'><strong>contra</strong></span> <span class='ocrx_word' id='word_1_220' title='bbox 957 4155 1115 4232; x_wconf 80' lang='lat' dir='ltr'><strong>Maritum,</strong></span> <span class='ocrx_word' id='word_1_221' title='bbox 1141 4154 1259 4232; x_wconf 88' lang='lat' dir='ltr'><strong>Mathe,</strong></span> <span class='ocrx_word' id='word_1_222' title='bbox 1284 4154 1490 4238; x_wconf 86' lang='lat' dir='ltr'><strong>Philippum,</strong></span> 
     </span>
     <span class='ocr_line' id='line_1_36' title="bbox 216 4257 1488 4341; baseline 0.005 -21"><span class='ocrx_word' id='word_1_223' title='bbox 216 4257 408 4336; x_wconf 89' lang='lat' dir='ltr'><strong>Johannem,</strong></span> <span class='ocrx_word' id='word_1_224' title='bbox 433 4258 541 4320; x_wconf 90' lang='lat' dir='ltr'><strong>Mathe</strong></span> <span class='ocrx_word' id='word_1_225' title='bbox 566 4272 597 4320; x_wconf 91' lang='lat' dir='ltr'><strong>et</strong></span> <span class='ocrx_word' id='word_1_226' title='bbox 620 4259 784 4320; x_wconf 84' lang='lat' dir='ltr'><strong>Andream</strong></span> <span class='ocrx_word' id='word_1_227' title='bbox 809 4274 854 4320; x_wconf 92' lang='lat' dir='ltr'><strong>est</strong></span> <span class='ocrx_word' id='word_1_228' title='bbox 886 4279 941 4341; x_wconf 90' lang='lat' dir='ltr'><strong>per</strong></span> <span class='ocrx_word' id='word_1_229' title='bbox 966 4261 1133 4322; x_wconf 89' lang='lat' dir='ltr'><strong>Marenum</strong></span> <span class='ocrx_word' id='word_1_230' title='bbox 1167 4275 1198 4323; x_wconf 96' lang='lat' dir='ltr'><strong>et</strong></span> <span class='ocrx_word' id='word_1_231' title='bbox 1221 4260 1404 4323; x_wconf 89' lang='lat' dir='ltr'><strong>Johannem</strong></span> <span class='ocrx_word' id='word_1_232' title='bbox 1431 4263 1488 4326; x_wconf 93' lang='lat' dir='ltr'><strong>de·</strong></span> 
     </span>
     <span class='ocr_line' id='line_1_37' title="bbox 215 4363 1099 4447; baseline 0.002 -20"><span class='ocrx_word' id='word_1_233' title='bbox 215 4384 330 4427; x_wconf 89' lang='lat' dir='ltr'><strong>canum</strong></span> <span class='ocrx_word' id='word_1_234' title='bbox 355 4364 394 4425; x_wconf 88' lang='lat' dir='ltr'><strong>ad</strong></span> <span class='ocrx_word' id='word_1_235' title='bbox 420 4365 560 4447; x_wconf 90' lang='lat' dir='ltr'><strong>primum</strong></span> <span class='ocrx_word' id='word_1_236' title='bbox 584 4363 740 4445; x_wconf 87' lang='lat' dir='ltr'><strong>judicium</strong></span> <span class='ocrx_word' id='word_1_237' title='bbox 763 4378 890 4445; x_wconf 89' lang='lat' dir='ltr'><strong>recepta</strong></span> <span class='ocrx_word' id='word_1_238' title='bbox 914 4365 954 4426; x_wconf 88' lang='lat' dir='ltr'><strong>ad</strong></span> <span class='ocrx_word' id='word_1_239' title='bbox 978 4386 1099 4447; x_wconf 90' lang='lat' dir='ltr'><strong>pacem.</strong></span> 
     </span>
    </p>

    <p class='ocr_par' dir='ltr' id='par_1_18' title="bbox 214 4470 1488 4659">
     <span class='ocr_line' id='line_1_38' title="bbox 323 4470 1488 4553; baseline 0.005 -21"><span class='ocrx_word' id='word_1_240' title='bbox 323 4471 401 4533; x_wconf 90' lang='lat' dir='ltr'><strong>ltem</strong></span> <span class='ocrx_word' id='word_1_241' title='bbox 427 4471 564 4532; x_wconf 87' lang='lat' dir='ltr'><strong>lacobus</strong></span> <span class='ocrx_word' id='word_1_242' title='bbox 597 4470 675 4533; x_wconf 91' lang='lat' dir='ltr'><strong>Bole</strong></span> <span class='ocrx_word' id='word_1_243' title='bbox 706 4486 816 4534; x_wconf 88' lang='lat' dir='ltr'><strong>contra</strong></span> <span class='ocrx_word' id='word_1_244' title='bbox 850 4470 1028 4553; x_wconf 90' lang='lat' dir='ltr'><strong>Georgium</strong></span> <span class='ocrx_word' id='word_1_245' title='bbox 1060 4493 1250 4537; x_wconf 90' lang='lat' dir='ltr'><strong>assessorem</strong></span> <span class='ocrx_word' id='word_1_246' title='bbox 1284 4473 1363 4536; x_wconf 84' lang='lat' dir='ltr'><strong>feria</strong></span> <span class='ocrx_word' id='word_1_247' title='bbox 1386 4478 1488 4538; x_wconf 90' lang='lat' dir='ltr'><strong>tercia</strong></span> 
     </span>
     <span class='ocr_line' id='line_1_39' title="bbox 214 4574 1191 4659; baseline 0.007 -24"><span class='ocrx_word' id='word_1_248' title='bbox 214 4574 332 4657; x_wconf 81' lang='lat' dir='ltr'><strong>jurabit</strong></span> <span class='ocrx_word' id='word_1_249' title='bbox 352 4577 385 4637; x_wconf 91' lang='lat' dir='ltr'><strong>in</strong></span> <span class='ocrx_word' id='word_1_250' title='bbox 411 4597 461 4655; x_wconf 93' lang='lat' dir='ltr'><strong>e0,</strong></span> <span class='ocrx_word' id='word_1_251' title='bbox 486 4577 574 4658; x_wconf 91' lang='lat' dir='ltr'><strong>quod</strong></span> <span class='ocrx_word' id='word_1_252' title='bbox 599 4576 703 4657; x_wconf 92' lang='lat' dir='ltr'><strong>ipsum</strong></span> <span class='ocrx_word' id='word_1_253' title='bbox 728 4578 833 4639; x_wconf 89' lang='lat' dir='ltr'><strong>verbis</strong></span> <span class='ocrx_word' id='word_1_254' title='bbox 856 4579 1003 4659; x_wconf 90' lang='lat' dir='ltr'><strong>turpibus</strong></span> <span class='ocrx_word' id='word_1_255' title='bbox 1027 4578 1191 4643; x_wconf 83' lang='lat' dir='ltr'><strong>affecisset.</strong></span> 
     </span>
    </p>
   </div>
   <div class='ocr_carea' id='block_1_6' title="bbox 215 4682 1488 4870">
    <p class='ocr_par' dir='ltr' id='par_1_19' title="bbox 215 4682 1488 4870">
     <span class='ocr_line' id='line_1_40' title="bbox 320 4682 1488 4770; baseline 0.008 -27"><span class='ocrx_word' id='word_1_256' title='bbox 320 4682 399 4745; x_wconf 91' lang='lat' dir='ltr'><strong>Item</strong></span> <span class='ocrx_word' id='word_1_257' title='bbox 425 4683 585 4766; x_wconf 87' lang='lat' dir='ltr'><strong>Georgius</strong></span> <span class='ocrx_word' id='word_1_258' title='bbox 609 4704 747 4746; x_wconf 88' lang='lat' dir='ltr'><strong>assessor</strong></span> <span class='ocrx_word' id='word_1_259' title='bbox 771 4699 879 4747; x_wconf 91' lang='lat' dir='ltr'><strong>contra</strong></span> <span class='ocrx_word' id='word_1_260' title='bbox 911 4687 1127 4767; x_wconf 86' lang='lat' dir='ltr'><strong>Dragozlaum</strong></span> <span class='ocrx_word' id='word_1_261' title='bbox 1159 4690 1264 4770; x_wconf 90' lang='lat' dir='ltr'><strong>primo</strong></span> <span class='ocrx_word' id='word_1_262' title='bbox 1288 4688 1411 4770; x_wconf 79' lang='lat' dir='ltr'><strong>judicio</strong></span> <span class='ocrx_word' id='word_1_263' title='bbox 1439 4711 1488 4754; x_wconf 91' lang='lat' dir='ltr'><strong>re-</strong></span> 
     </span>
     <span class='ocr_line' id='line_1_41' title="bbox 215 4788 399 4870; baseline 0.016 -22"><span class='ocrx_word' id='word_1_264' title='bbox 215 4788 399 4870; x_wconf 91' lang='lat' dir='ltr'><strong>spondebit.</strong></span> 
     </span>
    </p>
   </div>
   <div class='ocr_carea' id='block_1_7' title="bbox 0 0 1709 5362">
    <p class='ocr_par' dir='ltr' id='par_1_20' title="bbox 0 0 1709 5362">
     <span class='ocr_line' id='line_1_42' title="bbox 0 0 1709 5362; baseline 0 0"><span class='ocrx_word' id='word_1_265' title='bbox 0 0 1709 5362; x_wconf 95' lang='lat' dir='ltr'><strong> </strong></span> 
     </span>
    </p>
   </div>
  </div>
 </body>
</html>
