3404 5362
1247 452 1469 463 —-——‚—.

319 559 397 622 Item
422 578 520 640 quem
544 557 760 639 juramentum
785 558 924 621 Iohanni
958 557 997 620 de
1025 558 1189 620 Pensauro
1214 570 1245 619 et
1269 558 1392 619 Iacobo
1415 556 1477 618 filio

215 665 375 749 Gyungek
407 665 707 747 adjudicaveramus
739 665 879 726 eundem
911 664 1127 745 juramentum
1158 664 1293 725 Zakaria
1325 681 1475 745 tanquam
1537 689 1540 693 ·

213 786 401 855 procurator
425 772 525 854 ipsIus
549 771 672 833 domini
697 770 853 832 Iohannis
884 790 947 832 una
979 790 1051 832 cum
1077 771 1164 832 dicto
1197 771 1319 833 Iacobo
1343 770 1385 832 de
1410 790 1476 852 par-

212 879 298 940 cium
323 878 489 940 vquntate
513 877 552 939 ad
578 876 690 939 feriam
715 890 838 939 sextam
861 877 1042 959 proximam
1059 891 1131 958 post
1155 874 1271 938 festum
1296 875 1476 938 Natiuitatis

213 987 303 1047 beate
328 985 461 1067 virgInis
485 1004 571 1047 nunc
593 997 760 1046 venturam
784 996 1039 1066 prorogaverunt
1055 983 1108 1061 ita,
1132 982 1221 1064 quod
1239 983 1306 1064 ipse
1324 982 1474 1044 domiuus

217 1090 380 1154 Iohannes
405 1093 435 1152 in
461 1092 544 1154 dicta
570 1089 648 1152 feria
672 1104 757 1152 sexta
783 1089 835 1151 hic
858 1109 1043 1172 comparere
1068 1089 1201 1165 debeat;
1228 1102 1259 1152 et
1283 1089 1308 1149 si
1335 1089 1403 1171 ipse
1427 1089 1482 1149 do·

214 1198 323 1259 minus
347 1198 509 1260 Iohannes
541 1218 605 1259 una
637 1217 710 1259 cum
735 1197 821 1259 dicto
854 1197 975 1259 Iacobo
1007 1196 1203 1258 concordare
1240 1196 1370 1278 poterit,
1405 1197 1483 1256 bene

215 1304 359 1386 quidem,
383 1319 498 1366 extunc
523 1304 644 1366 dIctum
675 1303 890 1382 juramentum
924 1303 1001 1385 ipsis
1032 1303 1180 1385 superius
1203 1301 1428 1384 adjudicatum
1453 1302 1483 1362 iu

215 1411 298 1472 dicta
323 1410 400 1473 feria
424 1425 510 1472 sexta
535 1424 674 1492 prestare
698 1422 854 1472 teneatur.

321 1518 399 1579 Item
425 1517 480 1579 Sib
505 1532 616 1579 contra
641 1516 809 1578 Simonem
832 1531 986 1578 sartorem
1003 1529 1099 1579 testes
1122 1516 1300 1598 producere
1325 1515 1438 1579 debet.

323 1623 401 1685 Item
421 1623 626 1686 Herkouicha
650 1638 760 1683 contra
779 1623 936 1704 Magucen
966 1622 1071 1701 primo
1089 1621 1182 1684 citata
1209 1641 1274 1682 non
1292 1623 1486 1705 comparuit.

320 1730 400 1792 Item
423 1729 531 1792 reIIcta
557 1730 704 1812 Mathyas
735 1743 845 1792 contra
871 1729 1035 1791 Thomam
1060 1729 1226 1790 literatum
1259 1728 1366 1811 primo
1391 1729 1484 1791 citata

215 1856 281 1898 non
306 1837 495 1918 comparuit.

320 1943 398 2004 Item
423 1942 535 2004 Petrus
559 1942 699 2004 decanus
722 1955 833 2004 contra
862 1941 1072 2004 Dominicum
1096 1941 1246 2003 terciario
1277 1941 1393 2002 citatus
1417 1960 1480 2001 non

215 2049 405 2131 comparuit.

322 2155 400 2216 Item
428 2155 583 2216 Lucasius
607 2167 715 2215 contra
743 2155 853 2215 Kusko
878 2153 1024 2215 tertiario
1049 2154 1163 2216 citatus
1194 2172 1258 2214 non
1288 2153 1479 2234 comparuit.

320 2261 398 2323 Item
416 2260 577 2322 Johannes
600 2274 710 2321 contra
736 2260 919 2322 Cristanum
936 2261 1042 2343 primo
1066 2261 1180 2322 citatus
1197 2279 1262 2321 non
1287 2259 1477 2342 comparuit.

320 2368 397 2429 Item
422 2367 606 2429 Anthonius
629 2380 739 2428 contra
756 2367 858 2429 Volek
884 2368 988 2448 primo
1012 2367 1127 2428 citatus
1151 2386 1216 2427 non
1241 2367 1435 2448 comparuit.

320 2475 398 2537 Item
431 2475 607 2555 Agustinus
631 2473 778 2535 sacerdos
802 2492 875 2535 cum
899 2473 1028 2533 Andrea
1052 2492 1153 2554 usque
1186 2487 1259 2535 octo
1284 2473 1353 2534 dies
1378 2473 1478 2535 racio·

214 2600 287 2641 nem
312 2600 432 2663 ponere
457 2581 562 2643 debet.

319 2686 397 2746 Item
427 2685 608 2767 Stephanus
632 2686 757 2747 Fernak
782 2700 890 2748 contra
916 2685 1040 2747 Iursieb
1066 2684 1257 2748 secundario
1281 2686 1397 2748 citatus
1417 2705 1480 2747 noo

215 2792 404 2874 comparuit.

320 2898 398 2959 Item
424 2918 517 2959 causa
542 2897 675 2980 Georgii
701 2899 782 2960 inter
800 2917 932 2959 uxorem
959 2898 1127 2959 Laurencii
1145 2898 1262 2960 sutoris
1287 2916 1390 2979 usque
1408 2912 1481 2959 octo

214 3004 284 3066 dies
308 3017 354 3065 est
377 3018 558 3086 prorogata.

322 3108 400 3171 Item
425 3109 513 3191 quod
537 3110 612 3191 quia
639 3110 769 3193 Mathey
797 3110 898 3172 decan
922 3130 979 3192 per
1008 3123 1104 3173 testes
1136 3108 1281 3171 efficaces
1304 3129 1402 3192 super
1428 3129 1482 3191 pe-

214 3216 309 3315 cunia
336 3236 442 3278 coram
468 3217 574 3298 judice
599 3218 832 3299 comprobavit,
857 3231 891 3280 ut
915 3217 981 3300 ipse
1003 3217 1064 3279 sibi
1088 3215 1268 3280 XXIII...
1294 3230 1325 3278 et
1349 3215 1387 3278 III
1413 3216 1482 3278 flor.

215 3343 251 3385 ac
276 3337 415 3404 quatuor
439 3325 554 3385 marcis
578 3343 686 3386 coram
710 3323 898 3404 juratis...
924 3324 997 3385 ideo
1022 3324 1108 3385 idem
1133 3324 1245 3385 Petrus
1269 3343 1371 3404 usque
1389 3323 1481 3405 quIn-

215 3429 315 3490 denas
339 3431 458 3491 dictam
483 3431 653 3512 pecuniam
678 3430 783 3492 eidem
808 3431 932 3492 solvere
956 3432 1125 3493 tenebitur.

324 3535 401 3596 Item
429 3535 614 3596 Iwanchech
639 3550 753 3597 octavo
779 3536 830 3597 die
855 3536 954 3598 tercio
978 3557 1010 3596 sc
1044 3557 1141 3617 super
1171 3555 1210 3597 eo
1234 3536 1363 3617 jurabit,
1396 3536 1482 3617 quod

215 3642 282 3724 ipse
308 3642 339 3702 in
364 3643 506 3722 quodam
532 3641 693 3703 furticinio
717 3642 878 3703 Kuskonis
903 3642 1057 3704 innocens
1080 3643 1129 3705 sit.

323 3747 401 3809 Item
426 3748 589 3808 Iohannes
620 3749 763 3829 Zagorch
796 3748 937 3810 secundo
972 3769 1004 3809 se
1029 3763 1144 3810 octavo
1176 3749 1228 3810 die
1252 3768 1348 3830 super
1373 3767 1412 3810 eo
1437 3747 1484 3830 ju·

214 3854 306 3935 rabit,
331 3853 420 3935 quod
446 3854 511 3935 Ipse
536 3868 654 3915 metam
679 3855 834 3938 voyschar
858 3875 923 3916 non
948 3868 1133 3937 perorasset.

234 4053 329 4128 Feria
359 4064 457 4127 sexta
486 4060 641 4146 proxima
671 4066 747 4147 post
775 4058 897 4129 Iestum
926 4058 1015 4130 beati
1046 4058 1271 4130 Bartholomei
1301 4059 1457 4146 apostoli.

727 4215 790 4289 (27.
814 4213 953 4288 aregustt).

320 4366 399 4429 Item
432 4367 592 4450 Georgius
629 4369 726 4432 Loter
762 4383 872 4432 contra
908 4371 1078 4432 Nicolaum
1119 4370 1224 4452 primo
1259 4370 1376 4432 citatus
1417 4391 1483 4433 non

216 4475 405 4555 comparuit.

320 4581 397 4642 Item
423 4582 533 4643 Petrus
556 4596 587 4642 et
611 4583 763 4645 Nicolaus
787 4598 897 4645 contra
923 4585 1036 4666 Rygen
1060 4585 1166 4665 primo
1195 4584 1280 4647 citati
1306 4603 1373 4647 non
1390 4605 1478 4647 com-

215 4700 399 4768 paruerunt.

319 4793 397 4853 Item
429 4813 522 4855 causa
547 4794 660 4876 Rygen
692 4808 801 4858 contra
827 4796 955 4858 Petrum
989 4797 1168 4860 institorem
1203 4817 1259 4879 per
1286 4798 1477 4860 Mauricium

215 4918 317 4981 usque
342 4914 416 4962 octo
440 4899 509 4960 dies
532 4900 572 4961 ad
597 4920 711 4984 pacem
732 4915 778 4963 est
803 4916 939 4986 recepta.
