3404 5362
620 329 707 386 Anno
730 325 822 404 1383.
847 361 890 371 —
912 324 943 388 6.
968 330 1081 387 rnartri.

330 539 408 601 ltem
426 559 519 601 causa
548 539 686 603 Dionisii
719 554 828 602 contra
862 540 1056 602 Hanslinum
1086 541 1126 601 ad
1158 556 1309 603 octavum
1333 540 1421 604 diem
1451 543 1488 603 ad

222 666 335 729 pacem
361 659 407 707 est
431 659 567 729 recepta.

330 753 407 814 Item
441 773 535 814 causa
567 752 696 815 Thome
728 767 839 817 contra
868 751 1062 834 Gregorium
1091 755 1132 815 ad
1165 767 1316 815 octavum
1340 754 1429 816 diem
1451 755 1487 816 ad

223 879 334 942 pacem
360 873 406 921 est
429 873 565 942 recepta.

398 1077 495 1152 lenia
523 1095 621 1151 serta
657 1081 812 1169 proxima
840 1088 917 1169 post
944 1082 1144 1154 dominicam
1172 1083 1302 1154 letare.

763 1248 809 1330 (6.
834 1253 953 1328 martit).

328 1408 406 1469 Item
430 1407 562 1469 domina
586 1408 697 1470 relicta
723 1408 823 1489 Sorga
848 1425 957 1471 contra
986 1410 1127 1471 Brumen
1153 1407 1354 1471 aurifabrum
1376 1422 1485 1475 octavo

222 1513 274 1575 die
299 1514 515 1596 respondebit.

327 1639 405 1700 ltem
430 1658 523 1700 causa
548 1639 677 1701 Thome
702 1641 892 1722 carpentarii
925 1656 1035 1703 contra
1061 1641 1199 1702 Paulum
1224 1638 1424 1702 aurifabrum
1448 1638 1484 1700 ad

220 1760 370 1808 octavum
395 1745 482 1806 diem
506 1745 545 1807 ad
570 1765 681 1827 pacem
707 1759 754 1808 est
777 1762 913 1828 recepta.

327 1869 405 1931 ltem
430 1869 589 1930 Henricus
612 1867 743 1951 pellifex
775 1885 806 1933 et
831 1871 913 1932 Rees
946 1884 1056 1932 contra
1089 1869 1246 1932 Mathiam
1278 1868 1418 1950 juratum
1441 1889 1485 1929 se·

221 1975 327 2036 cundo
352 1974 438 2036 citati
462 1993 528 2035 non
553 1989 811 2046 comparuerunt.

325 2098 405 2161 ltem
429 2099 537 2159 Endre
563 2099 628 2182 Syb
653 2113 763 2162 contra
788 2100 948 2163 lanchech
972 2099 1171 2162 aurifabrum
1205 2098 1349 2161 secundo
1374 2098 1486 2159 citatus

219 2225 285 2268 non
310 2205 501 2287 comparuit.

326 2330 403 2392 ltem
429 2329 594 2391 Curardus
623 2345 712 2392 sutor
743 2346 853 2394 contra
879 2329 1072 2412 Gregorium
1106 2329 1249 2392 secundo
1274 2330 1389 2391 citatus
1422 2346 1487 2388 non

220 2437 410 2519 comparuit.

325 2562 403 2622 ltem
429 2561 525 2643 Elyas
549 2582 665 2643 parvus
682 2576 792 2625 contra
818 2562 1017 2644 Stephanum
1033 2563 1100 2624 Rea
1119 2560 1262 2623 secundo
1290 2560 1404 2622 citatus
1421 2578 1488 2621 non

219 2668 410 2749 comparuit.

325 2773 403 2834 ltem
428 2773 575 2856 Mychael
600 2773 685 2836 filius
709 2775 859 2836 Damiani
890 2790 999 2837 contra
1032 2774 1188 2836 Mathiam
1213 2787 1329 2835 octavo
1353 2772 1406 2834 die
1439 2792 1488 2834 re·

218 2878 401 2959 spondebit.

324 2984 401 3046 ltem
420 2985 587 3047 Ladislaus
610 2987 694 3049 tular
718 3000 828 3048 contra
854 2987 1012 3049 Briccium
1037 3000 1180 3048 sutorem
1204 2983 1347 3046 secundo
1373 2982 1488 3045 citatus

217 3110 284 3151 non
321 3092 510 3172 comparuit.

323 3197 402 3258 ltem
427 3218 520 3259 causa
545 3199 659 3261 Briccii
683 3199 799 3260 sutoris
829 3213 938 3261 contra
961 3198 1123 3261 Thomam
1157 3198 1197 3260 ad
1222 3211 1373 3260 octavum
1398 3196 1487 3259 diem

218 3302 258 3364 ad
283 3323 395 3376 pacem
419 3318 466 3366 est
489 3319 626 3386 recepta.

323 3410 402 3472 ltem
435 3432 529 3473 causa
562 3410 694 3492 Georgii
727 3425 837 3474 contra
873 3412 1037 3474 Thomam
1070 3412 1110 3473 ad
1142 3427 1291 3474 octavum
1324 3410 1488 3473 diem.ad

217 3535 331 3599 pacem
356 3531 402 3577 est
427 3531 562 3599 recepta.

322 3640 401 3701 ltem
426 3641 622 3702 Laurencius
646 3657 753 3703 contra
775 3642 891 3725 Vyden
909 3644 1050 3704 secundo
1068 3644 1183 3704 citatus
1200 3661 1266 3703 non
1292 3643 1486 3723 comparuit.

323 3745 400 3806 ltem
437 3765 530 3807 causa
563 3747 664 3808 Elene
697 3748 841 3809 mulieris
872 3763 981 3810 contra
1014 3749 1224 3810 Dominicum
1260 3747 1300 3808 ad
1332 3761 1487 3811 octavum

216 3849 304 3913 diem
329 3851 369 3912 ad
394 3871 506 3933 pacem
532 3867 577 3915 est
604 3869 741 3936 recepta.

324 3957 402 4020 ltem
429 3959 625 4021 Laurencius
649 3976 738 4022 sutor
762 3976 871 4022 contra
904 3961 1084 4023 Johannem
1108 3977 1250 4023 sutorem
1283 3975 1397 4026 octavo
1432 3963 1485 4025 die

216 4064 432 4144 respondebit.

320 4170 399 4232 ltem
417 4171 596 4253 Stephanus
612 4171 697 4233 filius
715 4171 851 4254 Mykech
865 4186 953 4233 sutor
966 4185 1076 4233 contra
1094 4173 1292 4255 Stephanum
1311 4171 1482 4237 Crisozlau

213 4275 318 4358 primo
343 4277 456 4339 citatus
479 4298 545 4339 non
569 4279 757 4360 comparuit.

320 4382 398 4445 ltem
423 4384 573 4445 Marenus
597 4399 705 4446 contra
731 4382 896 4447 dominam
913 4386 1056 4447 relictam
1078 4386 1161 4447 Petri
1188 4386 1339 4449 Pichulch
1364 4402 1481 4451 octavo

214 4487 266 4549 die
291 4490 507 4571 respondebit.

319 4594 397 4657 ltem
423 4595 576 4679 Gyurgelt
600 4595 687 4658 filius
710 4597 824 4680 Vyden
850 4613 964 4661 octavo
989 4599 1041 4660 die
1066 4601 1166 4661 tercio
1190 4620 1223 4660 se
1248 4619 1343 4681 super
1368 4619 1407 4662 eo
1432 4598 1481 4681 ju·

213 4701 305 4778 rabit,
338 4703 426 4782 quod
451 4704 518 4785 ipse
555 4703 710 4784 quasdam
743 4704 861 4785 caligas
897 4706 1052 4767 Johannis
1087 4705 1161 4781 filii¹
1182 4706 1266 4767 lu'an
1304 4725 1370 4767 non
1405 4707 1481 4769 sub·

211 4807 351 4869 traxerit.
1443 4802 1447 4807 ’
