3404 5362
357 327 414 410 178
748 327 833 383 Anno
859 321 950 401 1382.
976 358 1016 367 —
1040 336 1087 400 17.
1105 325 1197 400 junii.

1291 432 1296 437 .
1305 430 1629 437 ——.——-

457 538 535 600 Item
561 539 676 599 mulier
701 537 832 600 Chernk
857 550 970 598 octavo
996 536 1046 596 die
1079 536 1218 598 secunda
1243 556 1276 597 se
1308 554 1404 617 super
1430 555 1470 597 eo
1496 535 1630 615 jurabit,

351 645 440 727 quod
465 645 566 727 ipsam
592 644 752 725 Georgius
776 642 916 704 famulus
940 643 1064 704 Mareni
1089 642 1290 725 percusserit.

457 753 536 814 Item
569 751 654 812 idem
689 749 849 830 Georgius
880 763 995 810 octavo
1027 749 1079 810 die
1109 749 1208 811 tercio
1236 768 1268 809 se
1302 767 1462 830 supereo
1495 748 1629 828 jurabit,

352 859 440 941 quod
466 859 532 938 ipse
556 857 713 939 quosdam
740 857 889 918 denarios
913 856 1040 917 mulieri
1066 855 1195 918 Chernk
1220 875 1285 918 non
1310 855 1479 937 receperit.

458 963 535 1024 Item
568 963 684 1023 mulier
717 961 918 1043 Margaretha
950 982 1045 1044 super
1081 982 1120 1023 eo
1152 975 1266 1024 octavo
1300 962 1351 1023 die
1383 961 1505 1040 jurabit
1537 963 1628 1043 quod

352 1069 501 1132 Chernka
516 1069 689 1149 quemdam
704 1069 942 1149 manutergium
953 1068 1034 1129 circa
1049 1068 1149 1150 ipsam
1168 1087 1225 1149 pro
1238 1068 1268 1129 X
1282 1067 1422 1129 denariis
1431 1068 1627 1148 perbiberit.

459 1175 537 1237 Item
563 1176 716 1236 Nicolaus
740 1174 825 1236 filius
858 1173 1048 1236 Gerdauech
1077 1175 1219 1236 seeundo
1243 1194 1276 1236 se
1309 1188 1424 1236 octavo
1448 1174 1503 1236 die
1529 1195 1628 1258 super

352 1302 391 1345 eo
415 1282 542 1362 jurabit,
565 1282 653 1362 quod
679 1282 782 1363 ipsum
807 1280 931 1341 Videch
957 1280 1169 1363 percussisset.

459 1388 535 1450 Item
561 1388 699 1449 chhen
725 1400 839 1449 octavo
857 1387 908 1447 die
933 1387 1129 1448 duodecimo
1146 1405 1179 1447 se
1204 1405 1298 1467 super
1322 1405 1361 1446 eo
1386 1385 1516 1465 jurabit,
1535 1385 1627 1467 quod

352 1496 419 1576 ipse
444 1495 608 1576 quandam
633 1513 750 1575 equam
767 1493 949 1574 jobagionis
974 1493 1129 1555 Iohannis
1146 1493 1185 1554 de
1204 1491 1313 1554 Chech
1332 1511 1397 1553 non
1415 1492 1626 1569 subtraxerit,

350 1601 406 1662 sed
431 1602 497 1683 ipse
522 1601 652 1681 jobagio
677 1599 812 1661 eandem
837 1601 897 1660 sibi
922 1600 961 1660 ad
986 1599 1193 1661 vendendum
1218 1599 1437 1680 assignaverit.

379 1819 475 1892 Faria
504 1823 611 1892 tercia
639 1823 794 1909 proxima
823 1830 899 1909 post
932 1821 1054 1891 festum
1082 1822 1259 1890 beatorum
1288 1818 1358 1889 Viti
1387 1827 1421 1888 et
1449 1817 1599 1888 Modesti

890 1946 1079 2014 martirum.

891 2101 951 2172 (17.
968 2097 1074 2172 junxi).

454 2237 530 2298 Item
568 2238 723 2299 Martinus
748 2236 929 2318 Herketych
966 2249 1075 2296 contra
1109 2235 1288 2296 Iohannem
1324 2247 1439 2295 octavo
1475 2234 1529 2294 die
1574 2255 1623 2296 re·

350 2342 532 2424 spondebit.

458 2448 535 2509 Item
559 2451 709 2510 Marenus
733 2448 870 2509 condam
889 2447 1009 2517 iuratus
1033 2463 1142 2508 contra
1162 2449 1273 2509 Kusko
1297 2448 1403 2531 primo
1420 2448 1538 2509 citatus
1556 2469 1624 2511 non

354 2555 542 2635 comparuit.

456 2659 533 2719 Item
558 2661 667 2721 relicta
692 2660 837 2720 Budizlai
863 2675 971 2722 contra
992 2662 1179 2721 Kuskonem
1205 2660 1310 2742 prImo
1327 2661 1421 2722 citata
1446 2681 1513 2722 non
1532 2680 1624 2723 corn·

350 2765 466 2846 paruit.

455 2870 532 2930 Item
559 2870 714 2931 Martinus
738 2872 892 2954 Zekyrich
924 2886 1034 2933 contra
1067 2872 1232 2933 Martonos
1263 2872 1368 2953 primo
1401 2873 1517 2934 citatus
1554 2894 1623 2936 non

350 2975 539 3056 comparuit.

456 3081 534 3142 Item
558 3081 749 3142 Valentinus
778 3082 904 3144 Berend
937 3098 1046 3145 contra
1073 3084 1235 3147 Matheiko
1270 3085 1453 3147 carnificem
1478 3099 1509 3148 et
1534 3087 1622 3148 Mar·

349 3186 455 3247 tinum
480 3200 632 3247 sartorem
658 3187 689 3247 in
715 3188 820 3269 primo
844 3189 965 3268 judicio
990 3204 1061 3271 post
1078 3191 1252 3252 adventum
1278 3190 1355 3251 dicti
1380 3191 1545 3253 Valentini
1573 3212 1623 3252 re-

349 3292 532 3373 spondebit.

456 3397 532 3458 Item
557 3398 706 3479 Bedycha
732 3415 841 3462 contra
867 3402 1006 3464 Iudeum
1032 3419 1147 3466 octavo
1172 3405 1224 3466 die
1249 3404 1471 3486 respondebit.

351 3562 355 3569 .
454 3503 532 3565 Item
558 3504 735 3584 Gregorius
760 3506 843 3568 filius
868 3508 1024 3571 Iohannis
1052 3527 1161 3572 contra
1195 3511 1375 3573 Iohannem
1400 3510 1505 3572 filium
1530 3512 1621 3573 Luce

349 3622 464 3670 octavo
489 3611 539 3669 die
566 3612 782 3685 respondebit.

351 3761 356 3769 ,
456 3716 533 3776 Item
560 3718 716 3778 Martinus
740 3720 895 3802 Zekyrich
921 3736 1030 3782 contra
1048 3723 1192 3785 relictam
1206 3724 1314 3785 Endre
1339 3724 1379 3785 de
1403 3725 1483 3786 turri
1501 3738 1620 3787 octavo

348 3821 400 3881 die
426 3822 643 3903 respondebit.

458 3927 534 3987 Item
561 3928 691 3991 domina
725 3931 832 3993 relicta
866 3932 1045 3995 Sebastiani
1078 3951 1191 3997 octavo
1221 3937 1273 3999 die
1305 3957 1403 4018 super
1424 3957 1464 3999 eo
1487 3937 1621 4018 jurabit,

348 4033 436 4114 quod
461 4034 612 4095 dominus
638 4037 788 4098 Nicolaus
808 4038 1063 4121 archydiaconus
1087 4043 1230 4123 predicto
1250 4043 1439 4105 Sebastiano
1464 4057 1538 4106 octo
1555 4043 1619 4107 flo-

348 4158 453 4216 renos,
479 4160 535 4221 per
559 4155 621 4202 tres
645 4163 758 4224 pensas
783 4146 1013 4225 computando,
1040 4166 1105 4208 non
1131 4149 1343 4230 persolvisset.

455 4244 530 4306 Item
557 4267 650 4308 causa
677 4250 773 4310 Marci
799 4249 855 4311 filii
883 4251 1018 4334 Mykech
1051 4268 1160 4314 contra
1187 4255 1340 4337 Gyurgek
1365 4256 1549 4340 Blanchych
1575 4260 1619 4321 ad

347 4353 608 4413 octavumdiem
632 4354 670 4413 ad
697 4374 807 4435 pacem
834 4371 881 4417 est
905 4373 1041 4439 recepta.

454 4459 532 4534 Item
559 4459 665 4520 Mathe
690 4477 779 4523 sutor
802 4479 912 4523 contra
938 4464 1023 4545 Span
1057 4467 1161 4546 primo
1186 4468 1299 4529 citatus
1332 4488 1396 4530 non
1422 4472 1617 4552 comparuit.

453 4563 529 4623 Item
545 4563 713 4646 Gyaninus
737 4567 820 4627 filius
838 4570 1014 4651 MychaeIIs
1033 4591 1133 4652 usque
1150 4575 1285 4641 tercium
1311 4575 1397 4637 diem
1416 4576 1526 4638 Marco
1545 4575 1618 4640 filio

348 4667 483 4749 Mykech
518 4670 721 4732 medietatem
756 4673 921 4736 cuiusdam
954 4679 1089 4758 pecunie
1121 4679 1152 4739 in
1186 4681 1381 4762 quibusdam
1407 4683 1508 4746 literis
1539 4704 1617 4747 con·

346 4773 460 4853 scrIpte
484 4775 595 4839 solvet.
