3404 5362
602 368 803 447 Ann01389.
831 405 875 415 -
893 386 928 448 5.
952 372 1124 446 septembris.
1440 394 1502 456 307

334 583 415 644 Item
450 602 544 645 causa
575 581 699 665 Ciphus
731 596 840 645 contra
873 582 1103 646 Stachunarich
1135 604 1238 667 usque
1262 600 1336 649 octo
1363 587 1431 649 dles
1459 587 1502 649 ad

231 709 343 772 pacem
369 702 416 752 est
439 703 575 772 recepta.

337 795 416 859 Item
440 816 536 858 causa
556 796 723 859 Benedicti
741 810 851 859 contra
869 797 1062 877 Agustinum
1079 799 1279 861 sacerdotem
1304 819 1405 882 usque
1423 815 1497 862 octo

232 902 299 965 dles
324 902 365 964 ad
390 922 502 985 pacem
527 916 574 965 est
598 917 734 986 recepta.

333 1009 413 1071 Item
446 1029 539 1072 causa
564 1009 696 1072 domine
721 1010 846 1092 Regiae
870 1025 980 1073 contra
1009 1012 1180 1075 Nicolaum
1205 1032 1306 1095 usque
1331 1026 1405 1075 octo
1429 1012 1499 1074 dies

232 1116 270 1178 ad
293 1136 409 1199 pacem
433 1130 481 1179 est
504 1130 643 1199 recepta.

338 1224 418 1285 Item
451 1223 636 1285 Anthonius
668 1223 771 1285 Lucas
803 1237 914 1286 contra
937 1225 1132 1307 Agustinum
1164 1225 1361 1288 sacerdotem
1386 1245 1498 1287 secun·

230 1328 321 1391 dario
347 1330 461 1391 citatus
486 1349 552 1391 non
575 1330 765 1413 comparuit.

337 1436 416 1498 Item
435 1435 598 1498 Iohannes
622 1436 730 1514 Liber,
748 1435 884 1498 MIchael
902 1436 1119 1519 Dampmiani,
1137 1437 1220 1498 Iwan
1246 1437 1286 1499 ad
1318 1437 1494 1500 secundum

225 1540 386 1623 judicium
411 1542 498 1604 citati
523 1562 587 1604 non
613 1556 871 1624 comparuerunt.

337 1650 415 1712 Item
431 1651 518 1711 Luca
532 1648 673 1711 carnifex
684 1664 793 1711 contra
807 1649 965 1711 Praudich
977 1651 1082 1733 pslmo
1096 1651 1210 1713 citatus
1224 1670 1288 1713 non
1303 1652 1493 1734 comparuit.

337 1757 416 1819 Item
439 1756 593 1817 Nicolaus
617 1756 771 1838 Baboyeb
803 1769 918 1818 octavo
942 1756 993 1818 die
1025 1758 1168 1819 secundo
1192 1778 1225 1819 se
1257 1778 1354 1840 super
1385 1779 1424 1821 eo
1448 1758 1496 1840 ju-

215 1864 320 1942 rabit,
346 1863 434 1945 quod
459 1863 564 1945 ipsum
589 1862 708 1924 Paulus
731 1863 842 1944 Kypar
865 1863 1072 1926 vulnerasset.

333 1970 413 2032 Item
445 1969 630 2032 Anthonius
661 1968 786 2030 Jursich
817 1989 956 2031 unacum
989 1969 1153 2052 Stephano
1185 1990 1287 2053 usque
1320 1985 1393 2034 octo
1428 1971 1497 2034 dies

210 2078 389 2140 racionem
410 2096 531 2159 ponere
556 2076 675 2137 debent
698 2089 855 2158 quantum
873 2076 958 2138 idem
984 2076 1165 2158 Stephanus
1189 2077 1249 2138 sibi
1273 2091 1444 2141 teneretur.

332 2183 411 2246 Item
443 2202 537 2245 causa
563 2182 696 2265 Georgii
720 2183 839 2245 sutoris
862 2198 971 2245 contra
998 2185 1094 2245 Loter
1125 2203 1225 2266 usque
1250 2198 1324 2246 octo
1349 2185 1417 2245 dies
1440 2199 1487 2247 est

210 2303 410 2375 prorogata.

332 2396 411 2459 Item
437 2397 557 2458 Paulus
580 2397 691 2478 Kypar
722 2409 836 2458 octavo
861 2396 913 2457 die
944 2396 1087 2459 secundo
1117 2417 1149 2458 sc
1181 2417 1275 2479 super
1299 2417 1338 2459 eo
1362 2396 1491 2477 jurabit,

211 2503 313 2587 quod
340 2503 407 2585 ipse
432 2502 663 2565 Stachunarich
688 2503 857 2564 consocius
881 2501 1037 2565 nonfuit.

332 2609 410 2671 Item
434 2609 621 2671 Iwanchech
646 2622 760 2670 octavo
786 2609 837 2670 die
861 2608 949 2670 solus
973 2629 1069 2690 super
1093 2628 1131 2670 eo
1156 2609 1283 2690 jurabit,
1308 2609 1396 2692 quod
1423 2611 1489 2692 ipse

212 2716 395 2780 fideiussor
419 2716 559 2778 consorti
585 2716 684 2777 Marci
708 2716 741 2776 ln
765 2729 887 2797 septem
907 2735 980 2777 cum
1004 2716 1139 2777 dimidia
1164 2736 1260 2799 pensa
1286 2737 1351 2779 non
1376 2716 1446 2782 fuit.

332 2821 410 2884 Item
434 2835 549 2884 octavo
574 2821 626 2883 die
650 2841 781 2884 consors
804 2821 938 2903 predicti
965 2822 1062 2883 Marci
1087 2822 1155 2884 sola
1179 2843 1274 2905 super
1297 2843 1337 2884 eo
1361 2823 1490 2903 jurabit,

210 2928 312 3012 quod
337 2927 479 3012 prefatus
495 2927 681 2990 Iwanchech
698 2928 759 2989 sibi
776 2941 895 2989 sextam
919 2927 1086 2990 dimidiam
1104 2948 1235 3010 pensam
1254 2929 1381 2991 debitor
1398 2929 1489 2993 foret.

245 3164 346 3239 teria
374 3174 473 3266 sexta
500 3168 656 3256 proxima
686 3174 764 3238 ante
801 3165 924 3238 festum
952 3165 1151 3238 Nativitatls
1179 3168 1277 3238 beate
1307 3169 1460 3256 virginis.

723 3319 767 3395 (5.
797 3317 983 3393 septembris).

328 3457 407 3522 Item
439 3459 599 3542 Georqus
631 3459 728 3521 Loter
755 3471 865 3520 contra
896 3458 1068 3520 Nicolaum
1099 3460 1261 3522 literatum
1294 3472 1408 3522 octavo
1436 3459 1488 3520 die

219 3566 441 3651 respondebit.

326 3672 404 3736 Item
432 3672 591 3734 Henricus
617 3684 725 3733 contra
750 3671 920 3732 Nicolaum
943 3670 1048 3753 primo
1073 3672 1186 3734 citatus
1204 3692 1269 3733 non
1295 3672 1486 3755 comparuit.

326 3780 405 3842 Item
423 3779 570 3841 Thomas
582 3778 726 3840 literatus
739 3790 848 3839 contra
864 3776 1007 3838 relictam
1026 3778 1172 3860 Mathyas
1188 3791 1302 3840 octavo
1320 3778 1372 3838 die
1389 3790 1488 3839 testes

214 3887 398 3970 producere
415 3885 521 3963 debet,
538 3884 703 3946 videlicet:
724 3882 899 3944 Martinum
916 3883 1114 3945 sacerdotem
1133 3897 1164 3945 et
1188 3883 1367 3944 Iohannem
1381 3884 1488 3945 Liber.

327 3992 406 4054 Item
430 3991 583 4053 NIcolaus
600 4009 701 4071 usque
726 3988 906 4071 quindenas
923 3989 1062 4050 consorti
1088 3988 1212 4051 domini
1239 3990 1323 4051 Luce
1348 3989 1390 4050 XI
1416 3989 1487 4051 flor.

221 4100 290 4163 auri
316 4099 441 4162 solvere
465 4098 571 4160 debet.

326 4205 404 4266 Item
428 4203 581 4266 Nicolaus
605 4201 732 4284 Kyuich
767 4215 877 4263 contra
903 4202 1108 4284 Diagonyam
1136 4201 1241 4283 prImo
1275 4201 1388 4264 citatus
1420 4221 1486 4264 non

217 4311 413 4395 eomparuit.

327 4417 405 4480 Item
432 4415 572 4478 Korlach
596 4430 706 4477 contra
731 4416 860 4478 Petrum
889 4414 993 4497 prImo
1018 4413 1131 4474 citatus
1156 4432 1221 4474 non
1245 4413 1435 4493 comparuit.

326 4522 405 4585 Item
429 4522 613 4584 Anthonius
643 4542 777 4604 arcupar
807 4541 908 4603 usque
934 4518 1113 4601 qulndenas
1143 4518 1303 4601 AgustIno
1327 4518 1485 4580 sacerdoti

218 4642 359 4712 quatuor
382 4648 505 4691 marcas
528 4629 653 4691 solvere
678 4629 783 4691 debet.

324 4735 402 4797 Item
419 4735 582 4797 Iohannes
599 4735 742 4797 liberet
760 4734 896 4796 Michael
910 4733 1114 4816 Dampmiani
1134 4732 1275 4794 Iwanum
1292 4731 1330 4793 ad
1349 4731 1482 4794 tercium

218 4841 375 4924 judicium
399 4863 455 4905 seu
480 4843 654 4905 terminum
678 4856 789 4905 contra
807 4841 1003 4922 Gregorium
1027 4838 1182 4922 voyschar
1207 4858 1271 4900 non
1296 4850 1484 4900 statuerunt.

1363 4928 1379 4964 ᾳ
