3398 5364
524 358 724 438 Ann01378.
750 395 791 405 -
816 377 844 422 1.
861 363 953 438 junii.
1317 381 1374 443 133

214 574 292 635 Item
318 574 381 634 Res
404 572 481 635 feria
506 573 646 635 secunda
664 573 836 655 plusquam
853 587 987 634 ventura
1005 572 1112 634 Mathe
1130 573 1269 654 ensipari
1295 572 1378 634 duos

114 700 222 742 currus
246 679 286 741 de
309 679 469 741 asseribus
492 679 568 740 dare
593 678 705 755 debet3
730 692 761 740 et
786 678 872 740 idem
896 679 960 740 Res
983 692 1097 741 octavo
1123 678 1175 739 die
1200 679 1319 760 jurabit
1343 679 1375 739 iu
1458 728 1462 734 .

114 805 160 864 eo,
185 784 275 866 quod
299 785 367 865 ipse
391 783 571 866 predictum
595 783 703 845 Mathe
727 784 833 845 verbis
860 784 1007 864 turpibus
1032 803 1098 845 non
1123 783 1287 846 affecisset.

217 908 296 969 Item
315 906 463 990 Mychael
488 906 625 989 Ortophi
644 920 758 968 octavo
775 907 827 969 die
851 906 969 987 jurabit
993 908 1025 968 In
1044 927 1094 986 eo,
1119 908 1207 989 quod
1233 908 1299 990 ipse
1317 927 1376 969 nec

113 1034 166 1076 sua
191 1034 272 1076 uxor
295 1013 459 1075 Bernardo
477 1033 535 1075 nec
551 1032 607 1075 sue
633 1014 724 1075 uxori
740 1013 908 1075 licenciam
927 1013 966 1075 de
995 1015 1094 1075 domo
1118 1033 1183 1075 non
1202 1014 1375 1076 dedissent.

217 1120 294 1181 Item
320 1119 487 1181 Elizabeth
512 1119 628 1180 mulier
660 1132 770 1181 contra
799 1139 850 1181 ser
873 1119 1085 1181 Benedictum
1109 1133 1224 1181 octavo
1250 1119 1301 1181 die
1326 1140 1373 1180 re-

112 1225 292 1306 spondebit.

216 1331 295 1393 Item
320 1345 435 1393 octavo
469 1330 520 1391 die
553 1330 750 1391 LaurencIus
783 1329 927 1392 Gallicus
958 1344 1069 1392 contra
1092 1330 1257 1392 Andream
1282 1331 1375 1392 Hun-

109 1456 220 1517 garum
252 1437 369 1518 jurabit
399 1436 488 1518 quod
521 1437 587 1518 ipse
624 1435 664 1496 ad
696 1435 931 1517 quinquaginta
963 1450 994 1498 et
1025 1449 1164 1517 quatuor
1194 1436 1265 1498 flor.
1305 1436 1375 1497 auri

110 1542 235 1604 nullum
259 1543 384 1605 lucrum
417 1541 598 1618 habuisset;
630 1555 660 1604 et
690 1542 775 1603 idem
810 1542 1006 1603 Laurencius
1038 1542 1141 1603 eidem
1176 1542 1305 1604 Andree
1331 1542 1373 1603 IX

111 1648 178 1712 flor.
204 1664 234 1712 et
257 1650 283 1710 II
308 1669 421 1731 pensas
446 1649 651 1710 denari0rum
676 1649 845 1730 persolvet.

214 1756 292 1818 Item
326 1755 507 1837 Stephanus
540 1753 635 1817 frater
667 1754 782 1835 judicis
814 1768 923 1816 contra
959 1755 1152 1816 Mauricium
1185 1767 1298 1816 octavo
1323 1753 1375 1816 die

112 1882 165 1944 per
197 1862 373 1923 Martinum
398 1873 429 1923 et
459 1860 623 1922 Andream
655 1862 803 1923 atestabit
833 1879 929 1942 super
961 1880 1011 1939 en,
1035 1861 1124 1941 quod
1156 1861 1261 1942 ipsum
1286 1859 1373 1921 idem

111 1968 283 2030 Mauricius
307 1968 412 2050 ipsum
436 1986 564 2029 servum
588 1966 718 2028 dixisset
741 1979 772 2028 et
795 1967 942 2048 turpibus
965 1967 1071 2028 verbis
1095 1966 1260 2028 affecisset.

214 2090 293 2152 Item
318 2091 476 2152 Martinus
499 2103 588 2152 sutor
611 2105 721 2153 contra
735 2090 947 2153 Benedictum
965 2103 1106 2152 sutorem
1130 2090 1236 2171 primo
1261 2090 1375 2151 citatus

111 2215 172 2257 non
198 2198 388 2278 comparuit.

213 2302 291 2363 Item
320 2303 445 2364 Mareas
469 2317 578 2365 contra
603 2304 744 2365 Iwanum
777 2303 919 2365 secundo
952 2303 1066 2364 citatus
1091 2320 1155 2363 non
1182 2302 1374 2383 comparuit.

213 2407 291 2469 Item
316 2408 452 2490 Egidius
475 2422 585 2471 contra
610 2408 773 2470 Andream
796 2408 938 2470 secundo
961 2409 1073 2470 citatus
1089 2428 1155 2470 non
1180 2407 1371 2488 comparuit.

211 2513 290 2574 Item
322 2515 429 2577 Mathe
470 2529 581 2577 contra
620 2516 821 2577 Anthonium
856 2514 980 2578 Jursich
1016 2517 1121 2597 primo
1157 2516 1270 2576 citatus
1306 2534 1373 2576 non

112 2619 298 2700 comparuit.

211 2725 289 2786 Item
320 2724 494 2808 Matheyko
525 2725 665 2789 carnifex
696 2742 805 2788 contra
846 2727 982 2789 Iuchech
1022 2728 1127 2810 primo
1161 2728 1276 2789 citatus
1307 2747 1373 2790 non

111 2831 297 2912 comparuit.

208 2936 314 2997 Posita
338 2950 385 2997 est
408 2956 491 3017 pena
507 2937 536 2997 X
561 2957 666 3000 marce
688 2939 770 3000 inter
786 2939 950 3001 Jaklinum
975 2953 1006 3001 et
1023 2939 1201 3022 Georgium
1227 2940 1369 3018 fabrum;

111 3055 139 3102 et
162 3061 330 3123 nunquam
355 3062 472 3123 aquam
497 3044 537 3104 ad
562 3044 667 3125 ipsum
693 3044 871 3126 Georgium
895 3047 1021 3108 mittere
1046 3048 1187 3110 debebit.

210 3166 289 3228 Item
314 3166 461 3229 Matheus
478 3181 592 3229 octavo
617 3168 668 3229 die
685 3189 742 3250 per
759 3170 855 3231 Jakus
879 3185 909 3231 et
927 3171 1102 3231 Martinam
1120 3171 1267 3232 atestavit
1284 3170 1372 3253 quod

109 3269 228 3333 Petheu
252 3272 311 3333 sibi
336 3273 437 3333 tribus
461 3273 587 3335 cubulis
611 3275 678 3335 viui
702 3289 874 3338 teneretur.

215 3396 293 3457 Item
319 3396 516 3458 Laurencius
541 3412 651 3460 contra
682 3398 881 3480 Stephanum
913 3399 1053 3481 juratum
1085 3400 1228 3462 secundo
1261 3401 1374 3462 citatus

109 3520 171 3562 non
197 3503 386 3583 comparuit.

108 3736 203 3812 Faria
231 3743 339 3813 tercIa
367 3743 521 3828 proxima
541 3750 618 3828 post
637 3741 760 3813 festum
782 3740 999 3814 Ascensionis
1030 3744 1153 3816 domiui
1174 3747 1371 3834 predictum.

657 3915 700 3986 (1.
715 3909 825 3990 junii).

211 4067 318 4129 PrImo
343 4066 506 4129 Iohannes
527 4065 670 4149 GeorgIo
687 4068 718 4128 in
744 4068 916 4148 quindenis
935 4070 1023 4131 LXX
1047 4071 1196 4132 denarios
1214 4072 1367 4133 exsolvet.

210 4174 288 4236 Item
313 4173 487 4257 Matheyko
512 4172 652 4235 carnifex
677 4189 786 4236 contra
808 4174 942 4236 Iuchech
967 4177 1203 4258 carpentarium
1228 4176 1371 4238 secundo

109 4281 220 4341 citatus
245 4300 310 4342 non
334 4280 524 4361 comparuit.

211 4386 287 4449 Item
319 4386 513 4449 Benedictus
544 4385 684 4447 carnifex
716 4401 826 4449 contra
859 4387 1058 4470 Stephanum
1084 4387 1225 4448 secundo
1258 4388 1372 4449 citatus

108 4512 170 4555 non
196 4494 386 4577 comparuit.

213 4600 289 4662 Item
314 4601 386 4663 Elia
411 4600 571 4662 aurifaber
596 4614 705 4661 contra
729 4600 874 4661 relictam
900 4600 1024 4681 Sugech
1044 4601 1148 4683 prImo
1173 4601 1288 4660 citatus
1305 4619 1370 4661 non

107 4707 294 4788 comparuit.

212 4813 290 4875 Item
314 4811 390 4875 Iuan
416 4827 448 4875 et
471 4811 674 4895 Scuryanech
693 4813 798 4894 primo
824 4812 943 4885 judicio
961 4814 1143 4874 atestabunt
1166 4830 1261 4892 super
1285 4812 1371 4873 solu·
