3404 5362
612 351 698 407 Anno
724 345 812 425 1385.
837 381 877 393 ·-
895 363 930 424 3.
955 350 1067 421 aprilis.
1420 366 1478 427 191

246 456 587 465 ——-.-——.-—-
808 454 1002 460 .———-.
1252 453 1478 461 ———

389 567 488 642 Feria
516 576 615 641 sexta
643 570 798 659 proxima
826 559 923 640 ante*
952 569 1154 639 dominicam
1181 567 1314 657 judica.

751 720 814 799 (13.
846 719 971 800 martit).

322 866 400 927 Item
426 864 589 926 Iohannes
613 862 753 926 carnifex
777 877 888 925 contra
917 863 1127 925 Benedictum
1153 864 1352 924 sacerdotem
1376 864 1482 946 primo

210 975 326 1035 citatus
350 991 414 1033 non
441 970 633 1053 comparuit.

322 1063 400 1140 Item
429 1098 524 1140 causa
548 1076 632 1139 Petri
657 1090 688 1136 et
712 1075 822 1137 Iacobi
849 1075 927 1137 Bole
956 1076 996 1136 ad
1020 1090 1170 1136 octavum
1195 1075 1280 1136 diem
1305 1075 1345 1136 ad
1369 1095 1481 1157 pacem

214 1201 262 1247 eat
286 1199 423 1266 recepta.

320 1292 398 1353 Item
424 1290 571 1373 Mychael
606 1289 826 1367 stachunarius
858 1303 966 1349 contra
987 1288 1168 1349 Iohannem
1198 1286 1300 1349 filium
1326 1288 1483 1350 Hermani

212 1398 356 1460 secundo
381 1397 494 1458 citatus
518 1416 584 1457 non
612 1395 802 1477 comparuit.

319 1502 397 1564 Item
422 1521 517 1563 causa
542 1501 626 1563 Petri
651 1500 779 1561 sartoris
812 1514 921 1561 eontra
955 1500 1124 1561 Nicolaum
1157 1498 1339 1562 carnificem
1364 1500 1404 1562 ad
1429 1521 1481 1563 oc·

210 1623 320 1670 tavum
345 1608 430 1669 diem
456 1608 496 1669 ad
522 1627 632 1689 pacem
659 1622 704 1667 est
728 1620 866 1688 recepta.

322 1714 400 1776 Item
439 1733 533 1775 causa
559 1712 707 1793 Gregorii
740 1726 850 1775 contra
882 1710 1063 1773 Corardum
1095 1727 1236 1773 sutorem
1261 1713 1301 1774 ad
1333 1727 1481 1775 octavum

212 1819 300 1880 diem
325 1820 364 1881 ad
390 1840 503 1901 pacem
527 1833 573 1881 est
597 1833 733 1901 recepta.

319 1925 397 1986 Item
424 1945 517 1987 causa
543 1925 696 2006 Stephani
729 1924 888 1987 Crisozlai
921 1937 1029 1986 contra
1055 1923 1219 1986 Thomam
1245 1926 1481 2007 carpentarium

213 2032 252 2093 ad
278 2047 427 2093 octavum
453 2033 539 2093 diem
564 2033 604 2093 ad
629 2051 741 2114 pacem
766 2047 812 2094 est
837 2045 972 2113 recepta.

320 2138 399 2199 Item
425 2138 608 2219 Stephanus
631 2137 716 2199 filius
741 2137 877 2220 Mykech
902 2153 1011 2199 contra
1045 2138 1185 2199 eundem
1211 2138 1410 2220 Stephanum
1434 2159 1480 2201 se·

213 2243 321 2306 cundo
346 2245 460 2306 citatus
484 2264 549 2305 non
574 2245 764 2326 comparuit.

323 2349 401 2412 Item
426 2370 521 2412 causa
547 2350 700 2432 Stephani
725 2350 792 2412 Rez
826 2363 935 2412 contra
960 2350 1074 2433 Elyam
1109 2370 1243 2432 parvum
1267 2351 1306 2412 ad
1331 2365 1481 2413 octavum

214 2455 301 2517 diem
326 2457 365 2517 ad
389 2476 500 2538 pacem
526 2471 572 2518 est
596 2470 732 2538 recepta.

321 2562 398 2625 Item
422 2583 516 2624 causa
541 2563 678 2624 Dionisii
702 2577 810 2625 contra
836 2563 926 2625 Hans
950 2564 990 2625 ad
1015 2579 1164 2627 octavum
1189 2564 1276 2625 diem
1301 2563 1341 2626 ad
1365 2584 1479 2646 pacem

213 2682 259 2730 est
284 2683 419 2750 recepta.

319 2776 396 2838 Item
422 2796 516 2839 causa
541 2776 701 2838 Janchech
726 2774 876 2839 aurifabri
903 2792 1014 2838 eontra
1041 2778 1148 2839 Endre
1175 2779 1240 2861 Syb
1265 2778 1305 2839 ad
1330 2794 1480 2841 octavum

214 2882 300 2944 diem
326 2882 365 2943 ad
389 2903 501 2965 pacem
528 2897 573 2944 est
597 2896 733 2965 recepta.

319 2988 398 3051 Item
422 3010 516 3051 causa
547 2988 666 3051 Coame
700 2988 851 3051 aurifabri
883 3002 914 3050 et
945 2990 1061 3051 Paulas
1093 3004 1202 3052 contra
1234 2991 1405 3052 Nicolaum
1440 2993 1480 3053 ad

214 3108 364 3156 octavum
389 3095 475 3157 diem
500 3094 540 3156 ad
564 3114 676 3177 pacem
701 3110 746 3156 est
769 3108 905 3175 recepta.

318 3200 396 3262 Item
428 3202 545 3283 Mykus
568 3200 779 3264 Cernichicha
811 3214 921 3263 contra
950 3202 1105 3264 Iacobum
1130 3202 1323 3284 respondere
1347 3203 1480 3283 debens,

216 3305 246 3366 in
272 3305 393 3387 judicio
417 3327 481 3368 non
507 3307 697 3389 comparuit.
1210 3328 1212 3333 ⁴

320 3410 398 3474 Item
424 3413 522 3495 EIyas
545 3432 663 3494 parvus
686 3426 796 3476 contra
815 3413 1054 3497 Gyuanprimo
1071 3415 1184 3477 citatus
1206 3436 1272 3477 non
1290 3417 1479 3497 comparuit.

380 3613 476 3686 FerIa
505 3627 603 3687 sexta
631 3619 787 3705 proxima
816 3626 893 3707 post
921 3627 1061 3688 octavas
1090 3617 1169 3689 festi
1198 3617 1311 3690 Pasce.

756 3771 797 3846 (3.
817 3771 940 3845 aprilis).

319 3908 396 3970 Item
415 3909 525 3970 Petrus
550 3908 758 3971 Mathkouich
783 3923 893 3971 contra
914 3909 1094 3970 Iohannem
1113 3910 1283 3991 HIebopek
1307 3911 1412 3992 primo
1437 3910 1479 3971 ci-

217 4027 299 4076 tatus
323 4034 389 4076 non
413 4010 601 4097 comparuit.

320 4121 399 4183 Item
424 4142 517 4183 causa
536 4122 665 4183 Thome
690 4122 784 4204 jurati
807 4136 917 4182 contra
935 4120 1115 4182 Johannem
1133 4123 1232 4182 Pazar
1255 4121 1295 4183 ad
1320 4137 1394 4183 octo
1412 4122 1480 4182 dies

213 4228 251 4288 ad
277 4247 390 4311 pacem
415 4242 461 4289 est
484 4242 620 4310 recepta.
757 4228 759 4233 ’
1322 4227 1326 4234 ’

318 4336 397 4398 Item
422 4336 579 4397 Martinus
603 4334 760 4418 Zekyrich
785 4351 896 4398 contra
918 4335 1099 4397 Iohannem
1124 4335 1221 4395 Liber
1243 4335 1349 4416 primo
1367 4334 1480 4397 citatus

213 4461 276 4503 non
302 4443 494 4524 comparuit.

319 4548 397 4609 Item
421 4547 574 4610 Nicolaus
598 4544 738 4630 Myndof
758 4562 870 4610 contra
895 4546 1059 4610 Thomam
1079 4547 1219 4627 juratum
1242 4545 1348 4630 primo
1365 4548 1479 4610 citatus

212 4674 275 4717 non
301 4655 491 4737 comparuit.

317 4828 330 4854 *
349 4829 471 4895 Corrige:
496 4840 563 4895 post.
