<?xml version="1.0" encoding="UTF-8"?>
<!DOCTYPE html PUBLIC "-//W3C//DTD XHTML 1.0 Transitional//EN"
    "http://www.w3.org/TR/xhtml1/DTD/xhtml1-transitional.dtd">
<html xmlns="http://www.w3.org/1999/xhtml" xml:lang="en" lang="en">
 <head>
  <title>
</title>
<meta http-equiv="Content-Type" content="text/html;charset=utf-8" />
  <meta name='ocr-system' content='tesseract 3.04.00' />
  <meta name='ocr-capabilities' content='ocr_page ocr_carea ocr_par ocr_line ocrx_word'/>
</head>
<body>
  <div class='ocr_page' id='page_1' title='image "./monumentahistor04laszgoog/monumentahistor04laszgoog_0091.png"; bbox 0 0 3404 5362; ppageno 0'>
   <div class='ocr_carea' id='block_1_1' title="bbox 629 321 1053 400">
    <p class='ocr_par' dir='ltr' id='par_1_1' title="bbox 629 321 1053 400">
     <span class='ocr_line' id='line_1_1' title="bbox 629 321 1053 400; baseline 0 -18"><span class='ocrx_word' id='word_1_1' title='bbox 629 325 713 382; x_wconf 83' lang='lat' dir='ltr'>Anno</span> <span class='ocrx_word' id='word_1_2' title='bbox 737 321 826 400; x_wconf 80' lang='lat'><em>1376.</em></span> <span class='ocrx_word' id='word_1_3' title='bbox 853 357 890 367; x_wconf 92' lang='lat'>-</span> <span class='ocrx_word' id='word_1_4' title='bbox 915 337 947 398; x_wconf 84' lang='lat'>9.</span> <span class='ocrx_word' id='word_1_5' title='bbox 973 325 1053 383; x_wconf 83' lang='lat' dir='ltr'>maii.</span> 
     </span>
    </p>
   </div>
   <div class='ocr_carea' id='block_1_2' title="bbox 214 535 1483 2422">
    <p class='ocr_par' dir='ltr' id='par_1_2' title="bbox 217 535 1482 725">
     <span class='ocr_line' id='line_1_2' title="bbox 322 535 1482 618; baseline -0.001 -21"><span class='ocrx_word' id='word_1_6' title='bbox 322 538 399 599; x_wconf 87' lang='lat' dir='ltr'>ltem</span> <span class='ocrx_word' id='word_1_7' title='bbox 424 537 577 599; x_wconf 88' lang='lat' dir='ltr'>Nicolaus</span> <span class='ocrx_word' id='word_1_8' title='bbox 609 535 692 597; x_wconf 90' lang='lat' dir='ltr'>filius</span> <span class='ocrx_word' id='word_1_9' title='bbox 724 536 849 598; x_wconf 88' lang='lat' dir='ltr'>Crisani</span> <span class='ocrx_word' id='word_1_10' title='bbox 884 548 992 596; x_wconf 88' lang='lat' dir='ltr'>contra</span> <span class='ocrx_word' id='word_1_11' title='bbox 1025 535 1204 597; x_wconf 91' lang='lat' dir='ltr'>Janslinum</span> <span class='ocrx_word' id='word_1_12' title='bbox 1237 536 1342 618; x_wconf 91' lang='lat' dir='ltr'>primo</span> <span class='ocrx_word' id='word_1_13' title='bbox 1367 535 1482 597; x_wconf 89' lang='lat' dir='ltr'>citatus</span> 
     </span>
     <span class='ocr_line' id='line_1_3' title="bbox 217 645 496 725; baseline 0.004 -20"><span class='ocrx_word' id='word_1_14' title='bbox 217 663 284 705; x_wconf 92' lang='lat' dir='ltr'>non</span> <span class='ocrx_word' id='word_1_15' title='bbox 308 645 496 725; x_wconf 80' lang='lat' dir='ltr'>comparuit.</span> 
     </span>
    </p>

    <p class='ocr_par' dir='ltr' id='par_1_3' title="bbox 216 747 1483 1152">
     <span class='ocr_line' id='line_1_4' title="bbox 322 747 1482 831; baseline -0.003 -19"><span class='ocrx_word' id='word_1_16' title='bbox 322 751 399 812; x_wconf 89' lang='lat' dir='ltr'>ltem</span> <span class='ocrx_word' id='word_1_17' title='bbox 424 750 499 831; x_wconf 86' lang='lat' dir='ltr'>quia</span> <span class='ocrx_word' id='word_1_18' title='bbox 524 750 665 810; x_wconf 89' lang='lat' dir='ltr'>Briccius</span> <span class='ocrx_word' id='word_1_19' title='bbox 693 748 860 831; x_wconf 89' lang='lat' dir='ltr'>selliparus</span> <span class='ocrx_word' id='word_1_20' title='bbox 884 763 993 811; x_wconf 92' lang='lat' dir='ltr'>contra</span> <span class='ocrx_word' id='word_1_21' title='bbox 1012 748 1192 810; x_wconf 88' lang='lat' dir='ltr'>Johannem</span> <span class='ocrx_word' id='word_1_22' title='bbox 1217 748 1410 830; x_wconf 90' lang='lat' dir='ltr'>pelliparutn</span> <span class='ocrx_word' id='word_1_23' title='bbox 1441 747 1482 809; x_wconf 90' lang='lat' dir='ltr'>ad</span> 
     </span>
     <span class='ocr_line' id='line_1_5' title="bbox 216 854 1483 938; baseline -0.004 -19"><span class='ocrx_word' id='word_1_24' title='bbox 216 878 342 919; x_wconf 87' lang='lat' dir='ltr'>causam</span> <span class='ocrx_word' id='word_1_25' title='bbox 369 857 525 938; x_wconf 80' lang='lat' dir='ltr'>quesitam</span> <span class='ocrx_word' id='word_1_26' title='bbox 542 854 619 916; x_wconf 83' lang='lat' dir='ltr'>false</span> <span class='ocrx_word' id='word_1_27' title='bbox 638 855 843 933; x_wconf 86' lang='lat' dir='ltr'>iusurexerat,</span> <span class='ocrx_word' id='word_1_28' title='bbox 861 874 937 936; x_wconf 91' lang='lat' dir='ltr'>ergo</span> <span class='ocrx_word' id='word_1_29' title='bbox 962 870 1008 917; x_wconf 88' lang='lat' dir='ltr'>est</span> <span class='ocrx_word' id='word_1_30' title='bbox 1024 856 1189 917; x_wconf 90' lang='lat' dir='ltr'>convictus</span> <span class='ocrx_word' id='word_1_31' title='bbox 1206 855 1237 915; x_wconf 95' lang='lat' dir='ltr'>in</span> <span class='ocrx_word' id='word_1_32' title='bbox 1255 855 1358 915; x_wconf 90' lang='lat' dir='ltr'>tribus</span> <span class='ocrx_word' id='word_1_33' title='bbox 1374 854 1483 935; x_wconf 83' lang='lat' dir='ltr'>pensis</span> 
     </span>
     <span class='ocr_line' id='line_1_6' title="bbox 216 960 1483 1044; baseline -0.002 -21"><span class='ocrx_word' id='word_1_34' title='bbox 216 964 431 1041; x_wconf 88' lang='lat' dir='ltr'>denariorum,</span> <span class='ocrx_word' id='word_1_35' title='bbox 454 962 597 1044; x_wconf 92' lang='lat' dir='ltr'>predicto</span> <span class='ocrx_word' id='word_1_36' title='bbox 630 961 753 1023; x_wconf 88' lang='lat' dir='ltr'>Briccio</span> <span class='ocrx_word' id='word_1_37' title='bbox 785 962 913 1024; x_wconf 84' lang='lat' dir='ltr'>racione</span> <span class='ocrx_word' id='word_1_38' title='bbox 947 962 1056 1043; x_wconf 83' lang='lat' dir='ltr'>previa</span> <span class='ocrx_word' id='word_1_39' title='bbox 1088 975 1278 1043; x_wconf 87' lang='lat' dir='ltr'>perpetuum</span> <span class='ocrx_word' id='word_1_40' title='bbox 1310 960 1483 1021; x_wconf 88' lang='lat' dir='ltr'>silencium</span> 
     </span>
     <span class='ocr_line' id='line_1_7' title="bbox 218 1071 418 1152; baseline 0.005 -22"><span class='ocrx_word' id='word_1_41' title='bbox 218 1071 418 1152; x_wconf 81' lang='lat' dir='ltr'>inponentes.</span> 
     </span>
    </p>

    <p class='ocr_par' dir='ltr' id='par_1_4' title="bbox 214 1173 1482 1470">
     <span class='ocr_line' id='line_1_8' title="bbox 322 1173 1482 1257; baseline -0.003 -21"><span class='ocrx_word' id='word_1_42' title='bbox 322 1175 398 1236; x_wconf 89' lang='lat' dir='ltr'>ltem</span> <span class='ocrx_word' id='word_1_43' title='bbox 424 1175 546 1236; x_wconf 88' lang='lat' dir='ltr'>Mariua</span> <span class='ocrx_word' id='word_1_44' title='bbox 571 1174 687 1235; x_wconf 91' lang='lat' dir='ltr'>mulier</span> <span class='ocrx_word' id='word_1_45' title='bbox 710 1188 819 1235; x_wconf 91' lang='lat' dir='ltr'>contra</span> <span class='ocrx_word' id='word_1_46' title='bbox 844 1174 999 1235; x_wconf 90' lang='lat' dir='ltr'>Jacobum</span> <span class='ocrx_word' id='word_1_47' title='bbox 1032 1173 1205 1257; x_wconf 88' lang='lat' dir='ltr'>pellificem</span> <span class='ocrx_word' id='word_1_48' title='bbox 1230 1186 1345 1235; x_wconf 91' lang='lat' dir='ltr'>octavo</span> <span class='ocrx_word' id='word_1_49' title='bbox 1370 1173 1422 1234; x_wconf 87' lang='lat' dir='ltr'>die</span> <span class='ocrx_word' id='word_1_50' title='bbox 1448 1192 1482 1233; x_wconf 91' lang='lat' dir='ltr'>se</span> 
     </span>
     <span class='ocr_line' id='line_1_9' title="bbox 214 1278 1482 1363; baseline -0.002 -20"><span class='ocrx_word' id='word_1_51' title='bbox 214 1281 353 1343; x_wconf 90' lang='lat' dir='ltr'>secunda</span> <span class='ocrx_word' id='word_1_52' title='bbox 377 1281 494 1362; x_wconf 90' lang='lat' dir='ltr'>jurabit</span> <span class='ocrx_word' id='word_1_53' title='bbox 518 1299 614 1362; x_wconf 89' lang='lat' dir='ltr'>super</span> <span class='ocrx_word' id='word_1_54' title='bbox 638 1300 687 1359; x_wconf 89' lang='lat' dir='ltr'>eo,</span> <span class='ocrx_word' id='word_1_55' title='bbox 713 1279 800 1361; x_wconf 93' lang='lat' dir='ltr'>quod</span> <span class='ocrx_word' id='word_1_56' title='bbox 826 1280 929 1362; x_wconf 89' lang='lat' dir='ltr'>ipsum</span> <span class='ocrx_word' id='word_1_57' title='bbox 961 1300 1020 1342; x_wconf 91' lang='lat' dir='ltr'>nec</span> <span class='ocrx_word' id='word_1_58' title='bbox 1044 1280 1111 1363; x_wconf 92' lang='lat' dir='ltr'>ipsa</span> <span class='ocrx_word' id='word_1_59' title='bbox 1145 1300 1202 1342; x_wconf 87' lang='lat' dir='ltr'>nec</span> <span class='ocrx_word' id='word_1_60' title='bbox 1227 1300 1284 1340; x_wconf 90' lang='lat' dir='ltr'>sua</span> <span class='ocrx_word' id='word_1_61' title='bbox 1308 1278 1372 1341; x_wconf 90' lang='lat' dir='ltr'>filia</span> <span class='ocrx_word' id='word_1_62' title='bbox 1398 1280 1482 1341; x_wconf 95' lang='lat' dir='ltr'>vitu-</span> 
     </span>
     <span class='ocr_line' id='line_1_10' title="bbox 217 1388 383 1470; baseline 0.006 -22"><span class='ocrx_word' id='word_1_63' title='bbox 217 1388 383 1470; x_wconf 90' lang='lat' dir='ltr'>peraverit.</span> 
     </span>
    </p>

    <p class='ocr_par' dir='ltr' id='par_1_5' title="bbox 214 1491 1483 2422">
     <span class='ocr_line' id='line_1_11' title="bbox 322 1491 1481 1561; baseline -0.003 -7"><span class='ocrx_word' id='word_1_64' title='bbox 322 1494 399 1554; x_wconf 92' lang='lat' dir='ltr'>ltem</span> <span class='ocrx_word' id='word_1_65' title='bbox 424 1492 534 1554; x_wconf 89' lang='lat' dir='ltr'>relicta</span> <span class='ocrx_word' id='word_1_66' title='bbox 559 1492 696 1554; x_wconf 92' lang='lat' dir='ltr'>condam</span> <span class='ocrx_word' id='word_1_67' title='bbox 725 1492 808 1553; x_wconf 89' lang='lat' dir='ltr'>Petri</span> <span class='ocrx_word' id='word_1_68' title='bbox 841 1491 897 1553; x_wconf 88' lang='lat' dir='ltr'>filii</span> <span class='ocrx_word' id='word_1_69' title='bbox 930 1493 1060 1561; x_wconf 76' lang='lat' dir='ltr'>Rubini</span> <span class='ocrx_word' id='word_1_70' title='bbox 1091 1492 1200 1553; x_wconf 90' lang='lat' dir='ltr'>relicta</span> <span class='ocrx_word' id='word_1_71' title='bbox 1236 1491 1425 1553; x_wconf 88' lang='lat' dir='ltr'>Peterltonis</span> <span class='ocrx_word' id='word_1_72' title='bbox 1449 1503 1481 1553; x_wconf 88' lang='lat' dir='ltr'>et</span> 
     </span>
     <span class='ocr_line' id='line_1_12' title="bbox 215 1596 1481 1679; baseline -0.001 -21"><span class='ocrx_word' id='word_1_73' title='bbox 215 1617 297 1658; x_wconf 85' lang='lat' dir='ltr'>uxor</span> <span class='ocrx_word' id='word_1_74' title='bbox 321 1598 475 1659; x_wconf 85' lang='lat' dir='ltr'>lobannis</span> <span class='ocrx_word' id='word_1_75' title='bbox 499 1596 563 1659; x_wconf 80' lang='lat' dir='ltr'>filia</span> <span class='ocrx_word' id='word_1_76' title='bbox 587 1597 721 1679; x_wconf 85' lang='lat' dir='ltr'>predicti</span> <span class='ocrx_word' id='word_1_77' title='bbox 739 1597 936 1675; x_wconf 86' lang='lat' dir='ltr'>Peterltonis‚</span> <span class='ocrx_word' id='word_1_78' title='bbox 958 1597 1175 1679; x_wconf 91' lang='lat' dir='ltr'>quarumlibet</span> <span class='ocrx_word' id='word_1_79' title='bbox 1198 1597 1338 1678; x_wconf 90' lang='lat' dir='ltr'>ipsarum</span> <span class='ocrx_word' id='word_1_80' title='bbox 1365 1609 1481 1657; x_wconf 87' lang='lat' dir='ltr'>octavo</span> 
     </span>
     <span class='ocr_line' id='line_1_13' title="bbox 216 1702 1483 1785; baseline -0.001 -21"><span class='ocrx_word' id='word_1_81' title='bbox 216 1704 270 1765; x_wconf 90' lang='lat' dir='ltr'>die</span> <span class='ocrx_word' id='word_1_82' title='bbox 295 1704 407 1785; x_wconf 89' lang='lat' dir='ltr'>viginti</span> <span class='ocrx_word' id='word_1_83' title='bbox 433 1716 464 1765; x_wconf 91' lang='lat' dir='ltr'>et</span> <span class='ocrx_word' id='word_1_84' title='bbox 487 1704 630 1785; x_wconf 88' lang='lat' dir='ltr'>quinque</span> <span class='ocrx_word' id='word_1_85' title='bbox 655 1704 800 1785; x_wconf 90' lang='lat' dir='ltr'>personis</span> <span class='ocrx_word' id='word_1_86' title='bbox 816 1703 1029 1783; x_wconf 88' lang='lat' dir='ltr'>juramentum</span> <span class='ocrx_word' id='word_1_87' title='bbox 1055 1704 1217 1785; x_wconf 85' lang='lat' dir='ltr'>deponere</span> <span class='ocrx_word' id='word_1_88' title='bbox 1242 1702 1361 1764; x_wconf 87' lang='lat' dir='ltr'>debent</span> <span class='ocrx_word' id='word_1_89' title='bbox 1384 1722 1483 1784; x_wconf 90' lang='lat' dir='ltr'>super</span> 
     </span>
     <span class='ocr_line' id='line_1_14' title="bbox 216 1809 1483 1891; baseline -0.001 -21"><span class='ocrx_word' id='word_1_90' title='bbox 216 1828 265 1887; x_wconf 90' lang='lat' dir='ltr'>eo,</span> <span class='ocrx_word' id='word_1_91' title='bbox 291 1809 379 1890; x_wconf 93' lang='lat' dir='ltr'>quod</span> <span class='ocrx_word' id='word_1_92' title='bbox 405 1811 471 1891; x_wconf 89' lang='lat' dir='ltr'>ipse</span> <span class='ocrx_word' id='word_1_93' title='bbox 496 1809 601 1870; x_wconf 93' lang='lat' dir='ltr'>nullas</span> <span class='ocrx_word' id='word_1_94' title='bbox 626 1810 862 1871; x_wconf 83' lang='lat' dir='ltr'>incantaciones</span> <span class='ocrx_word' id='word_1_95' title='bbox 879 1810 1094 1871; x_wconf 87' lang='lat' dir='ltr'>exercuissent</span> <span class='ocrx_word' id='word_1_96' title='bbox 1118 1829 1176 1871; x_wconf 91' lang='lat' dir='ltr'>nec</span> <span class='ocrx_word' id='word_1_97' title='bbox 1200 1829 1256 1891; x_wconf 92' lang='lat' dir='ltr'>per</span> <span class='ocrx_word' id='word_1_98' title='bbox 1279 1828 1324 1886; x_wconf 88' lang='lat' dir='ltr'>se,</span> <span class='ocrx_word' id='word_1_99' title='bbox 1349 1828 1408 1869; x_wconf 90' lang='lat' dir='ltr'>nec</span> <span class='ocrx_word' id='word_1_100' title='bbox 1426 1828 1483 1890; x_wconf 89' lang='lat' dir='ltr'>per</span> 
     </span>
     <span class='ocr_line' id='line_1_15' title="bbox 216 1914 1481 1997; baseline 0.001 -21"><span class='ocrx_word' id='word_1_101' title='bbox 216 1915 311 1992; x_wconf 85' lang='lat' dir='ltr'>alias;</span> <span class='ocrx_word' id='word_1_102' title='bbox 336 1915 424 1996; x_wconf 92' lang='lat' dir='ltr'>quod</span> <span class='ocrx_word' id='word_1_103' title='bbox 448 1916 473 1976; x_wconf 89' lang='lat' dir='ltr'>si</span> <span class='ocrx_word' id='word_1_104' title='bbox 498 1916 537 1976; x_wconf 91' lang='lat' dir='ltr'>de</span> <span class='ocrx_word' id='word_1_105' title='bbox 562 1929 667 1977; x_wconf 89' lang='lat' dir='ltr'>cetero</span> <span class='ocrx_word' id='word_1_106' title='bbox 692 1915 723 1976; x_wconf 92' lang='lat' dir='ltr'>in</span> <span class='ocrx_word' id='word_1_107' title='bbox 748 1915 907 1976; x_wconf 88' lang='lat' dir='ltr'>similibus</span> <span class='ocrx_word' id='word_1_108' title='bbox 931 1916 1061 1978; x_wconf 89' lang='lat' dir='ltr'>invente</span> <span class='ocrx_word' id='word_1_109' title='bbox 1086 1914 1204 1978; x_wconf 87' lang='lat' dir='ltr'>luerint</span> <span class='ocrx_word' id='word_1_110' title='bbox 1228 1917 1260 1977; x_wconf 92' lang='lat' dir='ltr'>in</span> <span class='ocrx_word' id='word_1_111' title='bbox 1285 1935 1481 1997; x_wconf 92' lang='lat' dir='ltr'>quacunque</span> 
     </span>
     <span class='ocr_line' id='line_1_16' title="bbox 215 2019 1481 2101; baseline 0.001 -20"><span class='ocrx_word' id='word_1_112' title='bbox 215 2034 290 2082; x_wconf 92' lang='lat' dir='ltr'>nota</span> <span class='ocrx_word' id='word_1_113' title='bbox 315 2036 368 2083; x_wconf 89' lang='lat' dir='ltr'>aut</span> <span class='ocrx_word' id='word_1_114' title='bbox 393 2034 502 2083; x_wconf 89' lang='lat' dir='ltr'>contra</span> <span class='ocrx_word' id='word_1_115' title='bbox 527 2021 677 2101; x_wconf 84' lang='lat' dir='ltr'>judicem,</span> <span class='ocrx_word' id='word_1_116' title='bbox 702 2020 822 2101; x_wconf 88' lang='lat' dir='ltr'>juratos</span> <span class='ocrx_word' id='word_1_117' title='bbox 843 2041 898 2082; x_wconf 89' lang='lat' dir='ltr'>seu</span> <span class='ocrx_word' id='word_1_118' title='bbox 916 2022 1193 2100; x_wconf 88' lang='lat' dir='ltr'>communitatem,</span> <span class='ocrx_word' id='word_1_119' title='bbox 1218 2035 1248 2083; x_wconf 89' lang='lat' dir='ltr'>et</span> <span class='ocrx_word' id='word_1_120' title='bbox 1273 2021 1332 2082; x_wconf 93' lang='lat' dir='ltr'>hoc</span> <span class='ocrx_word' id='word_1_121' title='bbox 1358 2019 1481 2083; x_wconf 88' lang='lat' dir='ltr'>efficaci</span> 
     </span>
     <span class='ocr_line' id='line_1_17' title="bbox 214 2128 1482 2210; baseline 0.001 -21"><span class='ocrx_word' id='word_1_122' title='bbox 214 2128 400 2190; x_wconf 87' lang='lat' dir='ltr'>testimonio</span> <span class='ocrx_word' id='word_1_123' title='bbox 434 2128 636 2210; x_wconf 89' lang='lat' dir='ltr'>comprobari</span> <span class='ocrx_word' id='word_1_124' title='bbox 666 2140 782 2208; x_wconf 87' lang='lat' dir='ltr'>posset,</span> <span class='ocrx_word' id='word_1_125' title='bbox 816 2141 930 2189; x_wconf 87' lang='lat' dir='ltr'>extunc</span> <span class='ocrx_word' id='word_1_126' title='bbox 962 2129 1138 2190; x_wconf 88' lang='lat' dir='ltr'>secundum</span> <span class='ocrx_word' id='word_1_127' title='bbox 1164 2128 1231 2209; x_wconf 90' lang='lat' dir='ltr'>jura</span> <span class='ocrx_word' id='word_1_128' title='bbox 1262 2128 1399 2190; x_wconf 89' lang='lat' dir='ltr'>civitatis</span> <span class='ocrx_word' id='word_1_129' title='bbox 1423 2148 1482 2210; x_wconf 92' lang='lat' dir='ltr'>pu·</span> 
     </span>
     <span class='ocr_line' id='line_1_18' title="bbox 216 2233 1483 2317; baseline 0.002 -23"><span class='ocrx_word' id='word_1_130' title='bbox 216 2235 361 2312; x_wconf 90' lang='lat' dir='ltr'>nientur;</span> <span class='ocrx_word' id='word_1_131' title='bbox 386 2235 453 2317; x_wconf 90' lang='lat' dir='ltr'>ipse</span> <span class='ocrx_word' id='word_1_132' title='bbox 486 2248 593 2296; x_wconf 91' lang='lat' dir='ltr'>autem</span> <span class='ocrx_word' id='word_1_133' title='bbox 624 2234 755 2295; x_wconf 90' lang='lat' dir='ltr'>domine</span> <span class='ocrx_word' id='word_1_134' title='bbox 795 2233 912 2295; x_wconf 89' lang='lat' dir='ltr'>dictam</span> <span class='ocrx_word' id='word_1_135' title='bbox 946 2254 1073 2296; x_wconf 90' lang='lat' dir='ltr'>causam</span> <span class='ocrx_word' id='word_1_136' title='bbox 1110 2234 1150 2296; x_wconf 90' lang='lat' dir='ltr'>ad</span> <span class='ocrx_word' id='word_1_137' title='bbox 1175 2235 1325 2316; x_wconf 90' lang='lat' dir='ltr'>antiquos</span> <span class='ocrx_word' id='word_1_138' title='bbox 1359 2233 1483 2314; x_wconf 80' lang='lat' dir='ltr'>judices</span> 
     </span>
     <span class='ocr_line' id='line_1_19' title="bbox 215 2340 988 2422; baseline 0.003 -21"><span class='ocrx_word' id='word_1_139' title='bbox 215 2341 416 2422; x_wconf 89' lang='lat' dir='ltr'>appellarunt</span> <span class='ocrx_word' id='word_1_140' title='bbox 440 2340 480 2402; x_wconf 90' lang='lat' dir='ltr'>ad</span> <span class='ocrx_word' id='word_1_141' title='bbox 505 2342 673 2403; x_wconf 88' lang='lat' dir='ltr'>sabbatum</span> <span class='ocrx_word' id='word_1_142' title='bbox 698 2360 783 2402; x_wconf 89' lang='lat' dir='ltr'>nunc</span> <span class='ocrx_word' id='word_1_143' title='bbox 808 2341 988 2403; x_wconf 89' lang='lat' dir='ltr'>instantem.</span> 
     </span>
    </p>
   </div>
   <div class='ocr_carea' id='block_1_3' title="bbox 179 2463 1482 3289">
    <p class='ocr_par' dir='ltr' id='par_1_6' title="bbox 179 2463 1482 2769">
     <span class='ocr_line' id='line_1_20' title="bbox 320 2463 1481 2545; baseline 0 -21"><span class='ocrx_word' id='word_1_144' title='bbox 320 2463 397 2525; x_wconf 92' lang='lat' dir='ltr'>ltem</span> <span class='ocrx_word' id='word_1_145' title='bbox 423 2483 515 2526; x_wconf 88' lang='lat' dir='ltr'>causa</span> <span class='ocrx_word' id='word_1_146' title='bbox 541 2465 617 2525; x_wconf 91' lang='lat' dir='ltr'>luan</span> <span class='ocrx_word' id='word_1_147' title='bbox 643 2463 781 2525; x_wconf 86' lang='lat' dir='ltr'>Plauech</span> <span class='ocrx_word' id='word_1_148' title='bbox 806 2478 837 2525; x_wconf 89' lang='lat' dir='ltr'>et</span> <span class='ocrx_word' id='word_1_149' title='bbox 860 2463 1020 2526; x_wconf 89' lang='lat' dir='ltr'>Janchech</span> <span class='ocrx_word' id='word_1_150' title='bbox 1045 2478 1091 2525; x_wconf 91' lang='lat' dir='ltr'>est</span> <span class='ocrx_word' id='word_1_151' title='bbox 1115 2483 1171 2545; x_wconf 92' lang='lat' dir='ltr'>per</span> <span class='ocrx_word' id='word_1_152' title='bbox 1194 2463 1316 2545; x_wconf 91' lang='lat' dir='ltr'>judices</span> <span class='ocrx_word' id='word_1_153' title='bbox 1340 2463 1381 2524; x_wconf 89' lang='lat' dir='ltr'>ad</span> <span class='ocrx_word' id='word_1_154' title='bbox 1405 2477 1481 2525; x_wconf 92' lang='lat' dir='ltr'>octo</span> 
     </span>
     <span class='ocr_line' id='line_1_21' title="bbox 216 2568 487 2652; baseline 0.011 -24"><span class='ocrx_word' id='word_1_155' title='bbox 216 2568 284 2629; x_wconf 90' lang='lat' dir='ltr'>dies</span> <span class='ocrx_word' id='word_1_156' title='bbox 307 2584 487 2652; x_wconf 89' lang='lat' dir='ltr'>prorogata.</span> 
     </span>
     <span class='ocr_line' id='line_1_22' title="bbox 179 2675 1482 2769; baseline 0.002 -34"><span class='ocrx_word' id='word_1_157' title='bbox 179 2754 185 2769; x_wconf 74' lang='lat'>.</span> <span class='ocrx_word' id='word_1_158' title='bbox 321 2676 397 2736; x_wconf 90' lang='lat' dir='ltr'>ltem</span> <span class='ocrx_word' id='word_1_159' title='bbox 423 2696 515 2738; x_wconf 91' lang='lat' dir='ltr'>causa</span> <span class='ocrx_word' id='word_1_160' title='bbox 542 2677 696 2737; x_wconf 78' lang='lat' dir='ltr'>iohannis</span> <span class='ocrx_word' id='word_1_161' title='bbox 720 2690 750 2737; x_wconf 90' lang='lat' dir='ltr'>et</span> <span class='ocrx_word' id='word_1_162' title='bbox 775 2675 907 2757; x_wconf 82' lang='lat' dir='ltr'>Georgii</span> <span class='ocrx_word' id='word_1_163' title='bbox 933 2690 980 2738; x_wconf 90' lang='lat' dir='ltr'>est</span> <span class='ocrx_word' id='word_1_164' title='bbox 999 2676 1038 2738; x_wconf 90' lang='lat' dir='ltr'>ad</span> <span class='ocrx_word' id='word_1_165' title='bbox 1063 2676 1204 2758; x_wconf 91' lang='lat' dir='ltr'>primurn</span> <span class='ocrx_word' id='word_1_166' title='bbox 1228 2675 1383 2757; x_wconf 83' lang='lat' dir='ltr'>judicium</span> <span class='ocrx_word' id='word_1_167' title='bbox 1407 2690 1482 2757; x_wconf 89' lang='lat' dir='ltr'>post</span> 
     </span>
    </p>

    <p class='ocr_par' dir='ltr' id='par_1_7' title="bbox 215 2781 1373 2864">
     <span class='ocr_line' id='line_1_23' title="bbox 215 2781 1373 2864; baseline 0.001 -21"><span class='ocrx_word' id='word_1_168' title='bbox 215 2781 388 2843; x_wconf 89' lang='lat' dir='ltr'>adventum</span> <span class='ocrx_word' id='word_1_169' title='bbox 415 2783 583 2844; x_wconf 83' lang='lat' dir='ltr'>Laurencii</span> <span class='ocrx_word' id='word_1_170' title='bbox 607 2782 700 2863; x_wconf 89' lang='lat' dir='ltr'>jurati</span> <span class='ocrx_word' id='word_1_171' title='bbox 725 2783 765 2846; x_wconf 91' lang='lat' dir='ltr'>de</span> <span class='ocrx_word' id='word_1_172' title='bbox 790 2784 943 2845; x_wconf 91' lang='lat' dir='ltr'>nundinis</span> <span class='ocrx_word' id='word_1_173' title='bbox 966 2803 1023 2864; x_wconf 89' lang='lat' dir='ltr'>per</span> <span class='ocrx_word' id='word_1_174' title='bbox 1046 2782 1168 2863; x_wconf 85' lang='lat' dir='ltr'>judices</span> <span class='ocrx_word' id='word_1_175' title='bbox 1191 2794 1373 2864; x_wconf 90' lang='lat' dir='ltr'>prorogata.</span> 
     </span>
    </p>

    <p class='ocr_par' dir='ltr' id='par_1_8' title="bbox 215 2887 1482 3058">
     <span class='ocr_line' id='line_1_24' title="bbox 321 2887 1482 2969; baseline 0 -21"><span class='ocrx_word' id='word_1_176' title='bbox 321 2888 398 2948; x_wconf 85' lang='lat' dir='ltr'>ltcm</span> <span class='ocrx_word' id='word_1_177' title='bbox 423 2888 576 2950; x_wconf 88' lang='lat' dir='ltr'>Nicolaus</span> <span class='ocrx_word' id='word_1_178' title='bbox 600 2889 812 2951; x_wconf 89' lang='lat' dir='ltr'>Zrebernicha</span> <span class='ocrx_word' id='word_1_179' title='bbox 834 2890 1012 2951; x_wconf 89' lang='lat' dir='ltr'>Laurencio</span> <span class='ocrx_word' id='word_1_180' title='bbox 1035 2888 1145 2950; x_wconf 94' lang='lat' dir='ltr'>villico</span> <span class='ocrx_word' id='word_1_181' title='bbox 1162 2887 1201 2949; x_wconf 89' lang='lat' dir='ltr'>de</span> <span class='ocrx_word' id='word_1_182' title='bbox 1225 2889 1310 2969; x_wconf 90' lang='lat' dir='ltr'>Vgra</span> <span class='ocrx_word' id='word_1_183' title='bbox 1335 2889 1367 2948; x_wconf 91' lang='lat' dir='ltr'>in</span> <span class='ocrx_word' id='word_1_184' title='bbox 1385 2887 1482 2969; x_wconf 92' lang='lat' dir='ltr'>quin-</span> 
     </span>
     <span class='ocr_line' id='line_1_25' title="bbox 215 2993 947 3058; baseline 0.007 -5"><span class='ocrx_word' id='word_1_185' title='bbox 215 2993 306 3054; x_wconf 90' lang='lat' dir='ltr'>denis</span> <span class='ocrx_word' id='word_1_186' title='bbox 329 3008 392 3055; x_wconf 89' lang='lat' dir='ltr'>tres</span> <span class='ocrx_word' id='word_1_187' title='bbox 416 3014 537 3057; x_wconf 86' lang='lat' dir='ltr'>marcas</span> <span class='ocrx_word' id='word_1_188' title='bbox 562 2995 766 3057; x_wconf 90' lang='lat' dir='ltr'>denariorum</span> <span class='ocrx_word' id='word_1_189' title='bbox 796 2997 947 3058; x_wconf 87' lang='lat' dir='ltr'>exsolvet.</span> 
     </span>
    </p>

    <p class='ocr_par' dir='ltr' id='par_1_9' title="bbox 215 3098 1480 3289">
     <span class='ocr_line' id='line_1_26' title="bbox 322 3098 1480 3184; baseline -0.001 -24"><span class='ocrx_word' id='word_1_190' title='bbox 322 3099 401 3161; x_wconf 90' lang='lat' dir='ltr'>ltem</span> <span class='ocrx_word' id='word_1_191' title='bbox 426 3121 519 3163; x_wconf 88' lang='lat' dir='ltr'>causa</span> <span class='ocrx_word' id='word_1_192' title='bbox 543 3101 698 3163; x_wconf 86' lang='lat' dir='ltr'>Anthonii</span> <span class='ocrx_word' id='word_1_193' title='bbox 724 3102 903 3184; x_wconf 85' lang='lat' dir='ltr'>Zytharych</span> <span class='ocrx_word' id='word_1_194' title='bbox 927 3115 958 3163; x_wconf 91' lang='lat' dir='ltr'>et</span> <span class='ocrx_word' id='word_1_195' title='bbox 983 3100 1102 3163; x_wconf 83' lang='lat' dir='ltr'>Mathia</span> <span class='ocrx_word' id='word_1_196' title='bbox 1118 3099 1270 3162; x_wconf 78' lang='lat' dir='ltr'>aurifabri</span> <span class='ocrx_word' id='word_1_197' title='bbox 1295 3114 1342 3161; x_wconf 90' lang='lat' dir='ltr'>est</span> <span class='ocrx_word' id='word_1_198' title='bbox 1366 3099 1406 3160; x_wconf 90' lang='lat' dir='ltr'>ad</span> <span class='ocrx_word' id='word_1_199' title='bbox 1424 3098 1480 3160; x_wconf 90' lang='lat' dir='ltr'>ad·</span> 
     </span>
     <span class='ocr_line' id='line_1_27' title="bbox 215 3206 910 3289; baseline 0.006 -23"><span class='ocrx_word' id='word_1_200' title='bbox 215 3219 344 3267; x_wconf 91' lang='lat' dir='ltr'>ventum</span> <span class='ocrx_word' id='word_1_201' title='bbox 370 3206 484 3269; x_wconf 91' lang='lat' dir='ltr'>Paulas</span> <span class='ocrx_word' id='word_1_202' title='bbox 507 3227 563 3289; x_wconf 89' lang='lat' dir='ltr'>per</span> <span class='ocrx_word' id='word_1_203' title='bbox 586 3207 707 3288; x_wconf 90' lang='lat' dir='ltr'>judices</span> <span class='ocrx_word' id='word_1_204' title='bbox 730 3222 910 3289; x_wconf 89' lang='lat' dir='ltr'>prorogata.</span> 
     </span>
    </p>
   </div>
   <div class='ocr_carea' id='block_1_4' title="bbox 213 3328 1480 4367">
    <p class='ocr_par' dir='ltr' id='par_1_10' title="bbox 213 3328 1478 3520">
     <span class='ocr_line' id='line_1_28' title="bbox 320 3328 1478 3413; baseline -0.003 -21"><span class='ocrx_word' id='word_1_205' title='bbox 320 3331 399 3393; x_wconf 89' lang='lat' dir='ltr'>Item</span> <span class='ocrx_word' id='word_1_206' title='bbox 423 3331 603 3413; x_wconf 85' lang='lat' dir='ltr'>Stephanus</span> <span class='ocrx_word' id='word_1_207' title='bbox 632 3345 732 3393; x_wconf 87' lang='lat' dir='ltr'>sartor</span> <span class='ocrx_word' id='word_1_208' title='bbox 764 3346 874 3394; x_wconf 89' lang='lat' dir='ltr'>contra</span> <span class='ocrx_word' id='word_1_209' title='bbox 906 3332 1106 3393; x_wconf 86' lang='lat' dir='ltr'>Anthonium</span> <span class='ocrx_word' id='word_1_210' title='bbox 1139 3328 1276 3392; x_wconf 91' lang='lat' dir='ltr'>Zitarich</span> <span class='ocrx_word' id='word_1_211' title='bbox 1309 3328 1409 3390; x_wconf 91' lang='lat' dir='ltr'>tercio</span> <span class='ocrx_word' id='word_1_212' title='bbox 1435 3328 1478 3389; x_wconf 92' lang='lat' dir='ltr'>ci·</span> 
     </span>
     <span class='ocr_line' id='line_1_29' title="bbox 213 3438 598 3520; baseline 0.005 -23"><span class='ocrx_word' id='word_1_213' title='bbox 213 3449 297 3498; x_wconf 93' lang='lat' dir='ltr'>tatus</span> <span class='ocrx_word' id='word_1_214' title='bbox 322 3456 385 3498; x_wconf 93' lang='lat' dir='ltr'>non</span> <span class='ocrx_word' id='word_1_215' title='bbox 410 3438 598 3520; x_wconf 91' lang='lat' dir='ltr'>comparuit.</span> 
     </span>
    </p>

    <p class='ocr_par' dir='ltr' id='par_1_11' title="bbox 213 3540 1479 3943">
     <span class='ocr_line' id='line_1_30' title="bbox 321 3540 1478 3626; baseline -0.003 -23"><span class='ocrx_word' id='word_1_216' title='bbox 321 3543 398 3604; x_wconf 91' lang='lat' dir='ltr'>ltem</span> <span class='ocrx_word' id='word_1_217' title='bbox 423 3543 619 3605; x_wconf 89' lang='lat' dir='ltr'>Laurencius</span> <span class='ocrx_word' id='word_1_218' title='bbox 650 3543 775 3605; x_wconf 87' lang='lat' dir='ltr'>villicus</span> <span class='ocrx_word' id='word_1_219' title='bbox 806 3556 935 3626; x_wconf 89' lang='lat' dir='ltr'>propter</span> <span class='ocrx_word' id='word_1_220' title='bbox 956 3544 1095 3625; x_wconf 88' lang='lat' dir='ltr'>quedam</span> <span class='ocrx_word' id='word_1_221' title='bbox 1128 3542 1222 3624; x_wconf 91' lang='lat' dir='ltr'>pepla</span> <span class='ocrx_word' id='word_1_222' title='bbox 1247 3554 1356 3602; x_wconf 89' lang='lat' dir='ltr'>contra</span> <span class='ocrx_word' id='word_1_223' title='bbox 1381 3540 1478 3601; x_wconf 91' lang='lat' dir='ltr'>Nico-</span> 
     </span>
     <span class='ocr_line' id='line_1_31' title="bbox 214 3645 1479 3731; baseline -0.002 -23"><span class='ocrx_word' id='word_1_224' title='bbox 214 3647 301 3708; x_wconf 91' lang='lat' dir='ltr'>laum</span> <span class='ocrx_word' id='word_1_225' title='bbox 334 3649 546 3710; x_wconf 88' lang='lat' dir='ltr'>Zrebernicha</span> <span class='ocrx_word' id='word_1_226' title='bbox 577 3668 609 3710; x_wconf 89' lang='lat' dir='ltr'>se</span> <span class='ocrx_word' id='word_1_227' title='bbox 640 3648 820 3729; x_wconf 90' lang='lat' dir='ltr'>juramento</span> <span class='ocrx_word' id='word_1_228' title='bbox 852 3651 1039 3731; x_wconf 82' lang='lat' dir='ltr'>expurgavit</span> <span class='ocrx_word' id='word_1_229' title='bbox 1071 3646 1253 3725; x_wconf 87' lang='lat' dir='ltr'>asserendo,</span> <span class='ocrx_word' id='word_1_230' title='bbox 1286 3645 1375 3726; x_wconf 92' lang='lat' dir='ltr'>quod</span> <span class='ocrx_word' id='word_1_231' title='bbox 1409 3645 1479 3727; x_wconf 90' lang='lat' dir='ltr'>ipsa</span> 
     </span>
     <span class='ocr_line' id='line_1_32' title="bbox 214 3754 1479 3838; baseline -0.002 -23"><span class='ocrx_word' id='word_1_232' title='bbox 214 3754 309 3836; x_wconf 87' lang='lat' dir='ltr'>pepla</span> <span class='ocrx_word' id='word_1_233' title='bbox 333 3774 390 3815; x_wconf 89' lang='lat' dir='ltr'>sua</span> <span class='ocrx_word' id='word_1_234' title='bbox 416 3775 496 3817; x_wconf 84' lang='lat' dir='ltr'>uxor</span> <span class='ocrx_word' id='word_1_235' title='bbox 518 3755 558 3815; x_wconf 90' lang='lat' dir='ltr'>ad</span> <span class='ocrx_word' id='word_1_236' title='bbox 583 3756 766 3836; x_wconf 82' lang='lat' dir='ltr'>magistram</span> <span class='ocrx_word' id='word_1_237' title='bbox 792 3755 866 3816; x_wconf 91' lang='lat' dir='ltr'>dare</span> <span class='ocrx_word' id='word_1_238' title='bbox 891 3768 1064 3838; x_wconf 91' lang='lat' dir='ltr'>portasset;</span> <span class='ocrx_word' id='word_1_239' title='bbox 1090 3756 1192 3836; x_wconf 91' lang='lat' dir='ltr'>ipsam</span> <span class='ocrx_word' id='word_1_240' title='bbox 1216 3766 1323 3813; x_wconf 91' lang='lat' dir='ltr'>autem</span> <span class='ocrx_word' id='word_1_241' title='bbox 1348 3770 1479 3813; x_wconf 87' lang='lat' dir='ltr'>causam</span> 
     </span>
     <span class='ocr_line' id='line_1_33' title="bbox 213 3860 1142 3943; baseline 0.003 -23"><span class='ocrx_word' id='word_1_242' title='bbox 213 3860 375 3942; x_wconf 90' lang='lat' dir='ltr'>predictus</span> <span class='ocrx_word' id='word_1_243' title='bbox 400 3861 552 3923; x_wconf 87' lang='lat' dir='ltr'>Nicolaus</span> <span class='ocrx_word' id='word_1_244' title='bbox 575 3861 615 3922; x_wconf 93' lang='lat' dir='ltr'>ad</span> <span class='ocrx_word' id='word_1_245' title='bbox 640 3862 790 3943; x_wconf 91' lang='lat' dir='ltr'>antiquos</span> <span class='ocrx_word' id='word_1_246' title='bbox 813 3861 934 3941; x_wconf 89' lang='lat' dir='ltr'>judices</span> <span class='ocrx_word' id='word_1_247' title='bbox 957 3861 1142 3943; x_wconf 91' lang='lat' dir='ltr'>appellavit.</span> 
     </span>
    </p>

    <p class='ocr_par' dir='ltr' id='par_1_12' title="bbox 214 3966 1480 4154">
     <span class='ocr_line' id='line_1_34' title="bbox 320 3966 1480 4049; baseline 0.003 -23"><span class='ocrx_word' id='word_1_248' title='bbox 320 3967 398 4028; x_wconf 91' lang='lat' dir='ltr'>ltem</span> <span class='ocrx_word' id='word_1_249' title='bbox 423 3967 619 4029; x_wconf 88' lang='lat' dir='ltr'>Laurencius</span> <span class='ocrx_word' id='word_1_250' title='bbox 635 3968 762 4028; x_wconf 89' lang='lat' dir='ltr'>villicus</span> <span class='ocrx_word' id='word_1_251' title='bbox 786 3967 825 4029; x_wconf 92' lang='lat' dir='ltr'>de</span> <span class='ocrx_word' id='word_1_252' title='bbox 842 3968 926 4049; x_wconf 87' lang='lat' dir='ltr'>Vgra</span> <span class='ocrx_word' id='word_1_253' title='bbox 951 3982 1059 4029; x_wconf 90' lang='lat' dir='ltr'>contra</span> <span class='ocrx_word' id='word_1_254' title='bbox 1077 3966 1247 4029; x_wconf 90' lang='lat' dir='ltr'>Nicolaum</span> <span class='ocrx_word' id='word_1_255' title='bbox 1264 3966 1480 4029; x_wconf 89' lang='lat' dir='ltr'>Zrebernicha</span> 
     </span>
     <span class='ocr_line' id='line_1_35' title="bbox 214 4073 1108 4154; baseline 0.004 -21"><span class='ocrx_word' id='word_1_256' title='bbox 214 4093 246 4133; x_wconf 91' lang='lat' dir='ltr'>se</span> <span class='ocrx_word' id='word_1_257' title='bbox 270 4074 429 4135; x_wconf 87' lang='lat' dir='ltr'>secundus</span> <span class='ocrx_word' id='word_1_258' title='bbox 453 4074 485 4135; x_wconf 96' lang='lat' dir='ltr'>in</span> <span class='ocrx_word' id='word_1_259' title='bbox 511 4073 593 4135; x_wconf 84' lang='lat' dir='ltr'>lacto</span> <span class='ocrx_word' id='word_1_260' title='bbox 618 4073 753 4135; x_wconf 90' lang='lat' dir='ltr'>duarum</span> <span class='ocrx_word' id='word_1_261' title='bbox 779 4094 957 4136; x_wconf 89' lang='lat' dir='ltr'>marcarum</span> <span class='ocrx_word' id='word_1_262' title='bbox 982 4074 1108 4154; x_wconf 89' lang='lat' dir='ltr'>jurabit.</span> 
     </span>
    </p>

    <p class='ocr_par' dir='ltr' id='par_1_13' title="bbox 214 4179 1478 4367">
     <span class='ocr_line' id='line_1_36' title="bbox 320 4179 1478 4262; baseline -0.001 -21"><span class='ocrx_word' id='word_1_263' title='bbox 320 4179 397 4241; x_wconf 90' lang='lat' dir='ltr'>ltem</span> <span class='ocrx_word' id='word_1_264' title='bbox 421 4180 545 4262; x_wconf 86' lang='lat' dir='ltr'>antiqui</span> <span class='ocrx_word' id='word_1_265' title='bbox 569 4179 690 4261; x_wconf 78' lang='lat' dir='ltr'>judices</span> <span class='ocrx_word' id='word_1_266' title='bbox 710 4200 838 4242; x_wconf 89' lang='lat' dir='ltr'>causam</span> <span class='ocrx_word' id='word_1_267' title='bbox 857 4181 946 4242; x_wconf 89' lang='lat' dir='ltr'>Hans</span> <span class='ocrx_word' id='word_1_268' title='bbox 970 4195 1000 4242; x_wconf 93' lang='lat' dir='ltr'>et</span> <span class='ocrx_word' id='word_1_269' title='bbox 1025 4181 1131 4243; x_wconf 90' lang='lat' dir='ltr'>Deseu</span> <span class='ocrx_word' id='word_1_270' title='bbox 1148 4182 1327 4244; x_wconf 87' lang='lat' dir='ltr'>secundum</span> <span class='ocrx_word' id='word_1_271' title='bbox 1351 4179 1478 4242; x_wconf 90' lang='lat' dir='ltr'>adiudi-</span> 
     </span>
     <span class='ocr_line' id='line_1_37' title="bbox 214 4285 843 4367; baseline 0.005 -21"><span class='ocrx_word' id='word_1_272' title='bbox 214 4285 379 4348; x_wconf 91' lang='lat' dir='ltr'>cacionem</span> <span class='ocrx_word' id='word_1_273' title='bbox 404 4285 579 4367; x_wconf 88' lang='lat' dir='ltr'>juratorum</span> <span class='ocrx_word' id='word_1_274' title='bbox 604 4286 843 4349; x_wconf 88' lang='lat' dir='ltr'>confirmarunt.</span> 
     </span>
    </p>
   </div>
   <div class='ocr_carea' id='block_1_5' title="bbox 582 4508 1118 4597">
    <p class='ocr_par' dir='ltr' id='par_1_14' title="bbox 582 4508 1118 4597">
     <span class='ocr_line' id='line_1_38' title="bbox 582 4508 1118 4597; baseline -0.006 -19"><span class='ocrx_word' id='word_1_275' title='bbox 582 4508 687 4578; x_wconf 82' lang='lat' dir='ltr'>Actus</span> <span class='ocrx_word' id='word_1_276' title='bbox 716 4510 933 4597; x_wconf 82' lang='lat' dir='ltr'>antiquorum</span> <span class='ocrx_word' id='word_1_277' title='bbox 956 4508 1118 4596; x_wconf 85' lang='lat' dir='ltr'>judicum.</span> 
     </span>
    </p>
   </div>
   <div class='ocr_carea' id='block_1_6' title="bbox 216 4656 1480 4844">
    <p class='ocr_par' dir='ltr' id='par_1_15' title="bbox 216 4656 1480 4844">
     <span class='ocr_line' id='line_1_39' title="bbox 320 4656 1480 4739; baseline 0 -20"><span class='ocrx_word' id='word_1_278' title='bbox 320 4659 414 4735; x_wconf 87' lang='lat' dir='ltr'>Nota,</span> <span class='ocrx_word' id='word_1_279' title='bbox 439 4657 526 4739; x_wconf 93' lang='lat' dir='ltr'>quod</span> <span class='ocrx_word' id='word_1_280' title='bbox 551 4656 826 4718; x_wconf 91' lang='lat' dir='ltr'>adiudicacionem</span> <span class='ocrx_word' id='word_1_281' title='bbox 845 4656 1021 4735; x_wconf 80' lang='lat' dir='ltr'>juratorum</span> <span class='ocrx_word' id='word_1_282' title='bbox 1046 4656 1181 4718; x_wconf 88' lang='lat' dir='ltr'>infacto</span> <span class='ocrx_word' id='word_1_283' title='bbox 1206 4658 1314 4719; x_wconf 89' lang='lat' dir='ltr'>relicte</span> <span class='ocrx_word' id='word_1_284' title='bbox 1339 4657 1480 4719; x_wconf 90' lang='lat' dir='ltr'>condam</span> 
     </span>
     <span class='ocr_line' id='line_1_40' title="bbox 216 4762 1480 4844; baseline 0.002 -21"><span class='ocrx_word' id='word_1_285' title='bbox 216 4763 299 4825; x_wconf 87' lang='lat' dir='ltr'>Petri</span> <span class='ocrx_word' id='word_1_286' title='bbox 324 4762 438 4844; x_wconf 89' lang='lat' dir='ltr'>judicis</span> <span class='ocrx_word' id='word_1_287' title='bbox 462 4762 519 4824; x_wconf 90' lang='lat' dir='ltr'>filii</span> <span class='ocrx_word' id='word_1_288' title='bbox 537 4763 668 4842; x_wconf 87' lang='lat' dir='ltr'>Rubini,</span> <span class='ocrx_word' id='word_1_289' title='bbox 692 4763 800 4825; x_wconf 91' lang='lat' dir='ltr'>relicte</span> <span class='ocrx_word' id='word_1_290' title='bbox 819 4763 1004 4824; x_wconf 86' lang='lat' dir='ltr'>Peterltonis</span> <span class='ocrx_word' id='word_1_291' title='bbox 1018 4778 1048 4825; x_wconf 97' lang='lat' dir='ltr'>et</span> <span class='ocrx_word' id='word_1_292' title='bbox 1067 4762 1131 4824; x_wconf 88' lang='lat' dir='ltr'>filie</span> <span class='ocrx_word' id='word_1_293' title='bbox 1149 4764 1293 4825; x_wconf 91' lang='lat' dir='ltr'>eiusdem</span> <span class='ocrx_word' id='word_1_294' title='bbox 1312 4763 1480 4826; x_wconf 81' lang='lat' dir='ltr'>Anchicha</span> 
     </span>
    </p>
   </div>
   <div class='ocr_carea' id='block_1_7' title="bbox 0 0 1706 5362">
    <p class='ocr_par' dir='ltr' id='par_1_16' title="bbox 0 0 1706 5362">
     <span class='ocr_line' id='line_1_41' title="bbox 0 0 1706 5362; baseline 0 0"><span class='ocrx_word' id='word_1_295' title='bbox 0 0 1706 5362; x_wconf 95' lang='lat' dir='ltr'> </span> 
     </span>
    </p>
   </div>
  </div>
 </body>
</html>
