3404 5362
216 355 257 416 54
611 334 697 392 Anno
721 328 811 408 1576.
836 366 878 375 —
901 327 932 392 8.
956 333 1086 405 augusti.

317 546 397 608 Item
414 546 589 630 Dyonisius
606 560 719 608 octavo
736 544 788 606 die
805 564 861 628 per
885 543 1022 627 Mykech
1039 557 1070 607 et
1086 543 1193 606 Mathe
1211 544 1328 606 sutoris
1346 565 1483 606 uxorem

213 653 361 716 atestabit
384 672 479 737 super
508 672 558 732 eo,
591 651 679 733 quod
704 651 810 734 ipsum
842 651 948 732 Draga
972 651 1089 712 mulier
1121 650 1305 732 aquadam
1328 651 1484 713 stramina

214 758 431 844 prohibuisset
453 773 485 821 et
513 770 687 821 arestasset.

318 866 397 928 Item
421 886 515 928 causa
541 865 719 928 Clementis
743 878 774 926 et
797 863 934 926 Vidonis
958 878 1004 926 est
1021 884 1077 947 per
1102 864 1296 947 Gregorium
1322 886 1439 928 voscar
1457 880 1488 928 et

213 971 393 1036 iohannem
417 971 519 1034 filium
544 972 628 1034 Petri
653 970 693 1032 ad
717 983 791 1032 octo
815 969 884 1032 dies
907 984 1034 1053 recepta
1058 970 1098 1031 ad
1122 990 1246 1052 pacem.

322 1095 399 1156 Item
424 1096 580 1157 Martinus
612 1095 741 1177 seilipar
772 1107 819 1156 est
850 1095 1015 1156 convictus
1045 1094 1143 1175 judici
1176 1096 1344 1157 Xmarcis
1369 1110 1401 1158 et
1434 1097 1487 1158 Jo-

217 1199 317 1263 hanni
341 1201 466 1263 literato
490 1215 619 1284 propter
641 1221 699 1262 sua
722 1201 824 1284 spolia
841 1200 921 1262 duas
945 1220 1066 1263 marcas
1089 1200 1309 1263 denariorum.

322 1306 401 1369 Item
425 1308 581 1369 Martinus
614 1306 784 1388 Zequirich
817 1319 926 1369 contra
958 1307 1176 1389 Dragozlaum
1205 1306 1344 1388 juratum
1369 1321 1487 1371 octavo

217 1413 269 1475 die
293 1413 510 1495 respondebit.

321 1520 400 1582 Item
417 1519 548 1581 domina
574 1520 698 1602 Regina
721 1534 753 1581 et
777 1539 856 1581 uxor
873 1518 968 1581 Mafre
992 1519 1111 1582 debent
1127 1519 1267 1599 judicem
1297 1539 1401 1600 usque
1418 1521 1487 1581 dies

219 1640 292 1688 octo
317 1626 517 1709 complacare
540 1639 670 1709 propter
694 1625 857 1707 quandam
880 1626 1117 1687 contumaciam
1142 1627 1292 1709 ipsarum.

323 1733 402 1795 item
426 1731 535 1795 Sibich
559 1746 668 1794 contra
694 1733 879 1814 Dragonam
895 1746 1009 1794 octavo
1033 1732 1084 1793 die
1109 1752 1166 1815 per
1189 1751 1321 1794 uxorem
1346 1730 1432 1793 tular
1456 1744 1488 1793 et

218 1839 299 1921 lglar
322 1839 471 1901 atestabit
494 1857 656 1921 supereo,
681 1837 769 1919 quod
787 1838 892 1920 ipsum
917 1837 1003 1899 idem
1022 1838 1194 1922 Dragonya
1218 1837 1323 1899 furem
1346 1837 1488 1899 civitatis

217 1945 411 2007 asseruisset.

325 2050 404 2112 item
429 2049 560 2111 domina
586 2049 760 2112 Katherina
792 2049 901 2111 relicta
932 2049 1059 2112 Nicolai
1083 2049 1235 2111 aurifabri
1268 2049 1410 2130 quedam
1437 2070 1488 2112 ro·

220 2155 298 2217 bora
323 2156 404 2217 circa
428 2169 562 2238 puteum
586 2155 820 2234 Manduseuch‚
845 2175 900 2238 per
925 2156 1027 2238 ipsam
1058 2169 1183 2239 recepta
1215 2157 1405 2218 auctoritate
1430 2176 1490 2239 po·

219 2261 381 2341 tenciaria,
417 2261 537 2323 ibidem
572 2261 734 2344 deponere
771 2261 866 2323 debet
898 2263 957 2323 sub
993 2282 1076 2344 pena
1108 2263 1136 2323 X
1168 2280 1350 2323 marcarum
1384 2281 1490 2343 usque

221 2366 289 2430 dies
313 2381 396 2431 octo.

327 2474 404 2536 Item
428 2474 574 2536 Francha
596 2472 756 2536 aurifaber
779 2485 810 2535 et
837 2472 991 2556 Gyurgek
1023 2472 1108 2535 filius
1131 2474 1257 2535 Nicolai
1282 2488 1394 2536 contra
1419 2473 1493 2536 Ste-

220 2578 363 2663 phanum
387 2579 490 2641 filium
515 2580 635 2642 Rodini
660 2593 774 2642 octavo
798 2579 849 2640 die
875 2579 1126 2662 respondebunt.

266 2814 364 2889 Feria
392 2824 491 2889 serta
519 2819 676 2907 proxima
703 2824 781 2889 ante
809 2817 931 2889 festum
961 2818 1050 2889 beati
1079 2817 1254 2890 Laureacii
1283 2818 1451 2889 martiris.

748 2985 793 3066 (a.
818 2990 959 3066 augusn').

330 3145 439 3208 Primo
463 3166 556 3208 causa
581 3147 693 3209 Kauke
717 3158 748 3208 et
776 3145 924 3228 Gregorii
941 3159 987 3207 est
1010 3165 1067 3229 per
1090 3146 1230 3208 Brumen
1254 3143 1294 3206 ad
1320 3158 1395 3206 octo
1421 3145 1492 3207 dies

225 3264 351 3336 recepta
376 3252 416 3314 ad
440 3272 561 3335 pacem.

332 3359 409 3420 Item
434 3358 605 3422 Chuethko
631 3361 750 3423 Bertun
775 3373 885 3422 contra
907 3360 1131 3422 Sabastianum
1156 3361 1261 3443 primo
1287 3360 1402 3423 citatus
1426 3382 1493 3424 non

226 3467 415 3550 comparuit.

331 3572 409 3634 item
434 3593 527 3635 causa
553 3573 706 3657 Stephani
740 3587 771 3637 et
801 3574 983 3656 jobagionis
1006 3575 1132 3637 domini
1165 3576 1342 3659 Mychaelis
1366 3592 1413 3640 est
1436 3598 1494 3659 per

226 3679 398 3741 Nicolaum
421 3677 545 3740 Odolas
568 3679 609 3741 ad
633 3681 813 3761 quindenas
837 3695 1006 3764 prorogata
1031 3681 1071 3743 ad
1094 3702 1217 3764 pacem.

336 3804 414 3866 item
439 3824 533 3866 causa
558 3805 712 3867 iohannis
737 3806 834 3868 Liber
858 3820 889 3867 et
915 3806 1023 3868 Sibich
1056 3806 1166 3869 estad
1190 3807 1365 3869 adventum
1393 3808 1495 3892 ipsius

228 3910 383 3972 iohannis
406 3910 446 3972 ad
471 3911 612 3993 primum
636 3910 792 3992 judicium
816 3927 996 3995 prorogata.

335 4017 414 4079 item
435 4037 528 4079 causa
553 4016 708 4079 iohannis
732 4019 829 4081 Liber
862 4033 893 4081 et
923 4020 1053 4082 alterius
1084 4020 1240 4082 iohannis
1263 4018 1321 4082 filii
1346 4020 1494 4083 Domkus

229 4137 276 4185 est
299 4137 371 4207 post
394 4124 567 4185 adventum
593 4123 692 4206 ipsius
720 4125 874 4186 Johannis
896 4125 936 4186 ad
960 4126 1101 4209 primum
1125 4126 1280 4208 judicium
1311 4141 1496 4209 prorogata.

335 4249 414 4312 Item
448 4246 611 4310 Vrbanich
643 4262 752 4310 contra
785 4248 921 4310 Paulum
953 4251 1063 4333 Kypar
1097 4249 1238 4313 secundo
1274 4250 1389 4312 citatus
1429 4272 1496 4314 non

230 4355 418 4439 comparuit.

337 4461 415 4524 Item
440 4462 602 4525 Johannes
624 4463 724 4524 Pazar
748 4478 858 4526 contra
884 4463 992 4526 Sibich
1016 4463 1158 4526 secundo
1183 4463 1297 4524 citatus
1321 4483 1387 4525 non
1406 4485 1498 4528 com·

230 4567 345 4651 paruit.

337 4673 417 4736 Item
432 4675 582 4758 magister
599 4675 744 4737 Francha
760 4674 920 4738 aurifaber
944 4688 1053 4738 contra
1070 4675 1306 4757 Margaretham
1324 4676 1498 4741 mulierem

232 4779 310 4843 feria
335 4781 431 4843 tercia
456 4781 524 4863 jura
547 4780 696 4843 ostendet
718 4783 846 4844 racione
871 4782 1084 4863 quarumdam
1109 4780 1249 4864 frugum.
