3404 5362
551 423 637 481 Anno
659 419 752 500 1385.
778 457 818 466 -
841 436 898 500 50.
914 423 1007 500 junii.
1351 439 1413 502 243

251 632 331 696 Item
364 652 459 695 causa
483 633 653 695 Laurencii
685 632 824 694 condam
856 631 971 712 judicia
1003 647 1113 694 contra
1138 633 1273 716 Jurglyn
1298 632 1338 694 ad
1363 651 1416 694 oc·

184 758 258 801 vum
283 740 369 802 diem
394 739 436 801 ad
459 758 572 823 pacem
596 753 643 801 eat
666 752 803 822 recepta.

252 847 333 909 Item
355 865 449 908 causa
474 844 630 907 Anthonii
658 843 752 926 jurati
786 859 896 907 contra
921 845 1055 928 Jurglyn
1088 844 1129 906 ad
1153 858 1304 907 octavum
1329 844 1415 907 diem

184 1006 186 1014 ,
211 973 326 1036 pacem
352 964 398 1014 est
422 964 559 1033 recepta.

254 1060 334 1122 Item
358 1058 441 1120 Reea
465 1072 576 1120 contra
600 1057 782 1119 Mosnarich
807 1056 950 1118 secundo
980 1056 1093 1118 citatus
1125 1076 1191 1119 non
1224 1057 1415 1140 comparuit.

254 1166 333 1228 Item
358 1164 481 1247 Symon
504 1177 614 1225 contra
639 1163 724 1224 lwan
751 1162 902 1245 loytrich
926 1161 1069 1224 secundo
1102 1163 1216 1225 citatus
1239 1183 1305 1224 non
1329 1183 1416 1225 conr·

184 1272 264 1335 ruit.

255 1377 334 1440 Item
359 1357 452 1439 causa
470 1376 621 1458 Chupina
641 1389 755 1461 ⁸contra
776 1375 898 1437 Lucam
916 1375 1066 1458 Agacych
1091 1374 1131 1436 ad
1155 1388 1304 1438 octavum
1330 1375 1416 1438 diem

184 1485 187 1546 l
212 1505 326 1569 pacem
351 1498 398 1546 est
422 1497 558 1567 recepta.

255 1590 334 1653 Item
359 1610 452 1652 causa
471 1590 552 1651 Kate
577 1588 721 1649 mulieris
737 1601 847 1648 contra
873 1586 1067 1669 Gregorium
1092 1587 1132 1648 ad
1157 1601 1306 1651 octavum
1330 1588 1416 1651 diem

184 1697 188 1757 Ι
209 1716 327 1783 pacem
353 1709 399 1758 est
423 1709 561 1777 recepta.

256 1803 335 1865 Item
368 1802 530 1864 Iohannes
558 1800 643 1863 filius
676 1801 787 1863 Jacobi
821 1812 935 1861 octavo
961 1799 1011 1861 die
1044 1820 1101 1883 per
1129 1800 1332 1883 Mychaelem
1357 1800 1417 1863 Or·

184 1908 281 1993 lflych
306 1923 337 1971 et
362 1907 552 1971 Michaelem
584 1906 686 1969 filium
711 1906 890 1970 Sebastiani
915 1904 976 1967 hoc
1008 1907 1164 1985 ateatabit‚
1198 1907 1287 1988 quod
1311 1907 1417 1988 ipsum

183 2016 305 2077 icolaus
327 2015 545 2097 carpentarius
572 2015 792 2095 vituperasset.

256 2121 335 2182 Item
359 2121 443 2182 lwan
469 2120 590 2201 juratus
614 2133 730 2181 octavo
754 2118 806 2181 die
827 2138 884 2201 per
901 2119 1102 2181 Anthonium
1120 2118 1282 2180 literatum
1308 2132 1338 2180 et
1355 2119 1417 2181 De·

184 2229 303 2290 etrium
335 2226 516 2289 carnificem
548 2225 610 2287 hoc
641 2227 797 2303 atestabit,
830 2225 918 2307 quod
951 2226 1056 2308 ipsum
1090 2225 1256 2287 DIonieius
1280 2239 1310 2286 et
1334 2225 1417 2286 Mar·

184 2354 240 2396 uua
262 2334 480 2417 carpentarius
504 2333 745 2414 vituperassent.

255 2440 335 2502 Item
359 2459 452 2502 cauca
478 2438 585 2501 Mathe
608 2438 797 2520 gladiatoris
814 2452 923 2500 contra
949 2438 1065 2520 Iaklyn
1090 2437 1129 2499 ad
1155 2450 1306 2499 octavum
1331 2436 1418 2500 diem

184 2546 190 2607 l
214 2565 328 2629 pacem
353 2560 399 2607 est
422 2558 558 2628 recepta.

256 2651 334 2713 Item
360 2671 453 2713 causa
478 2650 582 2712 lwane
607 2650 752 2712 mulieris
776 2663 885 2711 contra
911 2649 1075 2712 Thomam
1099 2669 1157 2731 per
1180 2663 1275 2712 testea
1299 2650 1340 2711 ad
1365 2670 1418 2713 oc·

183 2777 260 2820 vum
285 2758 372 2819 diem
396 2758 436 2819 ad
460 2777 572 2840 pacem
598 2770 645 2819 est
669 2769 806 2839 recepta.

256 2863 334 2926 Item
359 2883 452 2925 cauca
470 2863 603 2924 Fabiani
620 2862 737 2924 literati
761 2874 871 2924 contra
889 2860 997 2923 Endre
1015 2861 1081 2943 Syb
1098 2861 1138 2922 ad
1164 2875 1313 2924 octavum
1331 2862 1419 2925 diem

184 2969 192 3030 l
217 2988 329 3051 pacem
355 2982 401 3030 est
424 2982 561 3050 recepta.

258 3075 337 3137 Item
368 3094 463 3137 causa
495 3075 627 3157 Jursych
659 3088 768 3136 contra
800 3072 926 3136 Berend
957 3073 1165 3135 Valentinum
1193 3073 1233 3134 ad
1268 3086 1419 3135 octavum

184 3200 242 3243 em
266 3179 306 3242 ad
330 3200 443 3262 pacem
468 3194 514 3243 est
541 3194 677 3263 recepta.

259 3287 338 3349 Item
362 3285 546 3349 Anthonius
570 3301 601 3348 et
625 3286 734 3348 Filech
767 3300 876 3347 contra
902 3284 1080 3366 Georgium
1104 3285 1210 3366 primo
1243 3285 1329 3347 citati
1354 3303 1419 3346 non

184 3406 412 3476 imparuerunt.

260 3498 338 3562 Item
364 3499 452 3560 Elias
475 3519 591 3581 parvus
619 3512 729 3559 contra
761 3497 869 3561 Endre
895 3498 960 3580 Syb
984 3509 1098 3558 octavo
1123 3496 1174 3559 die
1200 3496 1420 3578 respondebit.

258 3604 336 3667 Item
369 3624 461 3665 causa
487 3604 664 3686 Mychaelia
694 3618 804 3666 contra
836 3602 992 3686 Zekyrich
1017 3603 1057 3665 ad
1089 3617 1240 3664 octavum
1265 3601 1352 3664 diem
1380 3603 1419 3664 ad

184 3730 267 3774 tcem
291 3724 338 3773 eat
361 3724 498 3792 recepta.

257 3816 336 3879 Item
370 3817 472 3879 Lucas
504 3815 608 3878 dictus
640 3816 836 3878 Cratlcaroka
872 3834 974 3897 usque
1007 3816 1186 3898 quindenas
1219 3836 1273 3877 sex
1298 3835 1421 3877 marcas

184 3923 362 3986 ruariorum
386 3922 523 3985 Nicolao
547 3921 614 3984 filio
639 3922 764 3984 Nicolai
789 3923 914 3984 solvere
939 3922 1045 3985 debet.

257 4028 336 4090 Item
361 4029 451 4110 quod
476 4029 551 4110 quia
568 4028 701 4110 quidam
724 4027 816 4109 jurati
834 4027 984 4089 viderunt
1009 4041 1042 4090 ut
1060 4028 1206 4089 Vrbanus
1230 4040 1261 4089 et
1287 4026 1419 4089 domina

184 4137 258 4197 orlaa
294 4135 458 4216 quandam
494 4135 578 4196 viam
615 4135 778 4218 pubIIcam
809 4135 1143 4217 perligonizaverunt,
1176 4133 1249 4194 ideo
1284 4133 1421 4215 quilibet

184 4260 268 4302 >rum
293 4240 326 4302 io
351 4241 462 4303 decem
488 4241 602 4303 marcis
625 4255 699 4301 sunt
723 4241 880 4317 convicti3
904 4241 970 4323 ipse
996 4252 1104 4301 autem
1128 4240 1277 4300 Vrbanua
1302 4238 1420 4300 dictam

184 4366 283 4409 tusam
308 4346 349 4408 ad
373 4348 523 4429 antiquos
546 4347 668 4427 judices
692 4346 876 4429 appellavit.

258 4452 338 4515 Item
363 4453 526 4515 lohannes
550 4452 635 4514 filius
659 4454 771 4515 Bozou
796 4466 826 4514 et
850 4452 934 4514 filius
951 4451 1084 4514 Fabiani
1102 4452 1199 4513 ambo
1217 4451 1313 4512 simul
1332 4451 1421 4513 citui-

185 4559 270 4621 rium
301 4560 434 4621 ecclesIe
467 4573 572 4621 sancte
598 4559 798 4640 Margarethe
831 4577 932 4639 usque
965 4556 1076 4619 leriam
1102 4558 1248 4640 quintam
1272 4558 1420 4639 proxIme

184 4678 325 4728 enturam
350 4684 535 4727 consecrare
559 4665 630 4746 (sic)
656 4665 786 4726 debent.

261 4770 339 4832 Item
358 4770 446 4853 quod
468 4771 543 4852 quia
560 4771 709 4831 Vrbanus
733 4769 818 4831 lilius
835 4817 842 4831 .
861 4819 867 4830 .
887 4815 893 4830 .
918 4769 1008 4850 (hleri
1028 4770 1059 4830 in
1077 4768 1149 4831 foro
1166 4769 1422 4851 conprovInciali

184 4874 296 4939 ilecto
327 4876 588 4959 interempcionis
613 4876 766 4957 Stephani
801 4874 914 4936 latnuli
947 4875 1085 4957 Myklmi
1116 4875 1273 4956 legittime
1296 4875 1422 4994 procla·
