3404 5362
667 102 754 159 Anno
776 96 872 178 1386.
894 136 939 146 —
960 113 1009 177 15.
1032 103 1114 164 maii.
1468 122 1531 184 253

365 310 446 372 Item
471 310 604 373 domina
630 310 806 394 Mychaelis
837 311 1017 404 Ortolflych
1049 327 1080 374 et
1103 314 1279 377 KatherIna
1310 334 1411 397 usque
1436 318 1530 397 quio·

261 414 357 479 denas
391 431 531 499 quatuor
562 437 686 480 marcas
716 418 924 481 denariorum
955 420 1086 483 domiue
1118 421 1258 482 consorti
1291 421 1447 484 Iohannis
1472 421 1530 484 filii

260 519 386 585 Nicolai
411 523 547 587 solvent.

364 629 446 692 Item
483 630 664 713 Stephanus
699 630 854 714 Hernych
890 644 998 694 contra
1033 633 1141 695 Bartol
1177 634 1282 716 primo
1315 634 1428 697 citatus
1462 655 1530 697 non

253 737 450 818 comparuit.

364 842 445 905 Item
470 842 583 925 Cygan
608 858 718 906 contra
744 844 852 906 Endre
878 844 944 927 Syb
967 845 1074 927 prImo
1110 846 1225 908 citatus
1248 867 1314 909 non
1339 848 1530 930 comparuit.

365 949 445 1011 Item
470 949 632 1012 Johannes
655 950 874 1013 chhkouich
908 964 1018 1013 contra
1049 952 1220 1015 Nicolaum
1253 952 1355 1016 filium
1382 955 1529 1018 Matheus

230 1055 363 1131 prImo
397 1056 511 1119 citatus
534 1076 599 1118 non
625 1057 815 1140 comparuit.

364 1162 445 1224 Item
470 1163 623 1225 Nicolaus
647 1178 756 1226 contra
781 1164 890 1225 Bartol
914 1164 1020 1246 primo
1046 1166 1160 1228 citatus
1184 1186 1249 1228 non
1274 1169 1466 1250 comparuit.

364 1268 444 1330 Item
468 1289 562 1332 causa
588 1269 737 1351 Gregorii
755 1269 872 1351 Angeli
897 1284 928 1331 et
952 1269 1101 1352 Gregorii
1120 1271 1177 1333 filii
1202 1273 1251 1334 sui
1276 1287 1387 1336 contra
1413 1273 1528 1358 Cygan

217 1391 277 1438 et
304 1374 470 1439 famulum
494 1397 589 1439 suum
613 1377 654 1439 ad
677 1392 828 1439 octavum
852 1376 939 1439 diem
964 1377 1004 1439 ad
1028 1398 1141 1461 pacem
1166 1394 1213 1442 est
1237 1395 1372 1462 recepta.

363 1483 443 1545 Item
470 1484 581 1546 Petrus
600 1498 642 1546 et
666 1484 732 1546 Juri
765 1484 902 1565 quilibet
933 1504 1045 1546 eorurn
1078 1487 1177 1548 tercio
1202 1506 1235 1548 se
1267 1485 1409 1569 (jurabit)
1433 1508 1529 1571 super

211 1602 300 1667 eo,
329 1588 421 1670 quod
446 1589 506 1672 ipsi
532 1591 564 1650 irr
589 1589 733 1670 quodam
758 1588 921 1651 lurticinio
950 1605 1055 1652 essent
1087 1591 1285 1672 innocentes,
1310 1607 1420 1655 contra
1446 1595 1528 1655 Pau·

210 1687 323 1757 lum
348 1710 503 1758 sutorem.

363 1801 443 1863 Item
475 1822 568 1864 causa
599 1802 723 1864 Mareni
752 1802 809 1863 filii
842 1802 997 1865 Johannis
1028 1817 1138 1865 contra
1171 1804 1369 1886 Stephanum
1402 1804 1442 1866 ad
1475 1825 1527 1867 oc-

205 1914 365 1970 tavum
392 1907 478 1969 diem
503 1923 550 1970 est
573 1922 757 1990 prorogata.

362 2012 440 2075 Item
469 2014 556 2095 quod
581 2015 657 2096 quia
688 2035 745 2096 per
774 2028 870 2077 testes
898 2016 1006 2076 Marco
1039 2013 1124 2076 filius
1148 2014 1285 2097 Mykech
1310 2015 1342 2076 id
1379 2035 1527 2098 compro·

213 2117 354 2199 bavit,
389 2120 461 2202 (..
487 2119 660 2203 Georgius)
694 2121 791 2182 Lorer
818 2120 983 2202 quoddam
1017 2121 1128 2181 vinum
1153 2135 1184 2183 et
1216 2141 1351 2183 avenam
1381 2141 1439 2203 pro
1471 2140 1528 2182 sua

214 2226 394 2308 pecunia
419 2224 571 2287 videlieet
601 2225 814 2307 quadraginta
846 2226 990 2307 quinque
1019 2226 1107 2303 flor.;
1132 2226 1206 2288 ideo
1238 2227 1305 2308 ipse
1335 2227 1463 2288 Marcus
1487 2226 1527 2288 de

220 2333 349 2396 <lictis
368 2332 444 2393 vino
468 2345 499 2393 et
514 2351 616 2393 avena
640 2331 725 2412 juxta
742 2351 833 2393 suam
848 2333 1020 2414 pecuniam
1045 2333 1184 2414 reprere
1202 2347 1307 2415 potest
1323 2346 1354 2394 et
1373 2332 1528 2395 residium

222 2439 306 2502 alii
335 2438 509 2500 debitores.

363 2544 441 2606 Item
467 2544 644 2626 Gregorius
668 2558 699 2607 et
731 2544 843 2606 Petrus
875 2544 1013 2625 quilibet
1036 2564 1149 2606 eorum
1181 2545 1279 2606 tercio
1304 2565 1337 2607 se
1368 2565 1464 2626 super
1488 2564 1527 2608 eo

226 2651 382 2732 jurabit,
408 2651 497 2732 quod
521 2651 582 2734 ipsi
606 2664 766 2713 eteorum
788 2651 880 2733 pueri
902 2663 1007 2713 essent
1024 2651 1056 2712 in
1081 2650 1224 2732 quodam
1242 2649 1409 2712 furticinio
1433 2651 1526 2712 iono-

230 2771 375 2837 eentes‚
400 2772 515 2820 octavo
537 2758 600 2821 die.

362 2864 442 2926 Item
465 2862 650 2928 Anthonius
674 2879 705 2927 et
730 2864 899 2947 Philippus
922 2878 1011 2926 sutor
1041 2884 1075 2925 se
1101 2864 1132 2924 In
1158 2861 1241 2925 facto
1266 2863 1403 2925 duarum
1432 2863 1526 2944 (mar-

235 2971 376 3051 carum)
401 2970 441 3032 ad
465 2970 553 3032 lwan
578 2971 820 3050 commiserunt,
844 2971 883 3030 ad
909 2984 1059 3030 octavum
1084 2969 1179 3031 diem.

378 3187 476 3263 Ieria
504 3192 612 3262 tercla
640 3193 795 3279 proxima
823 3197 900 3279 post
927 3189 1050 3260 festum
1079 3190 1189 3260 sancti
1220 3189 1409 3278 Pangracii.

797 3342 861 3423 (15.
885 3346 986 3419 maii).

359 3484 438 3546 Item
464 3504 557 3546 causa
575 3485 698 3546 Mareni
716 3499 826 3546 contra
844 3483 1024 3545 iohannem
1044 3481 1195 3565 Grachyn
1212 3483 1251 3543 ad
1270 3495 1420 3543 octavum
1439 3482 1525 3545 diem

247 3591 294 3652 ad
318 3608 432 3672 pacem
457 3603 504 3651 est
528 3603 663 3672 recepta.

362 3695 440 3757 Item
466 3696 628 3758 Johannes
652 3695 737 3757 filius
761 3696 879 3757 Donati
908 3709 1018 3759 contra
1052 3694 1232 3777 Ortolflych
1257 3708 1371 3756 octavo
1400 3693 1451 3754 die
1477 3714 1525 3756 re·

252 3803 438 3886 spondebit.

361 3908 441 3971 Item
467 3908 633 3970 Ladislaus
657 3909 742 3971 tular
759 3923 868 3970 contra
892 3908 1072 3991 Ortolflych
1091 3922 1204 3969 octavo
1229 3905 1280 3967 die
1306 3905 1526 3986 respondebit.

363 4014 441 4076 Item
466 4014 619 4077 Clemens
650 4014 788 4097 piscator
819 4028 928 4078 contra
955 4014 1149 4095 Gregoriurn
1174 4012 1280 4094 primo
1312 4011 1428 4072 citatus
1459 4029 1525 4071 non

256 4121 445 4202 comparuit.
1036 4187 1038 4191 ¹

360 4225 440 4289 Item
464 4227 573 4288 Bnrtol
598 4226 737 4289 carnifex
762 4242 872 4290 contra
897 4226 1054 4310 Delasych
1084 4225 1188 4308 primo
1214 4225 1328 4287 citatus
1352 4242 1418 4284 non
1436 4241 1523 4284 com·

258 4333 369 4412 paruit.

361 4439 440 4501 Item
465 4439 627 4501 Johannes
651 4438 736 4501 filius
765 4439 884 4501 Donati
909 4459 1010 4521 usque
1035 4439 1216 4520 qulndenas
1239 4435 1379 4498 Johanni
1408 4434 1525 4517 Crispo

261 4543 313 4608 Lx
336 4543 406 4609 flor.
431 4546 500 4608 auri
524 4545 649 4608 solvere
674 4545 780 4610 debet.
