3404 5362
629 336 825 416 Ann01376.
851 372 891 381 —
915 350 963 415 27.
987 340 1067 401 mair.

446 446 643 452 .....—....——-
682 446 781 451 -—
1005 445 1072 450 -—
1089 444 1240 450 —.-
1292 445 1379 450 —.
1407 439 1474 449 .d

295 576 392 649 Faria
424 580 531 649 tercia
561 579 716 665 proxima
755 584 830 664 post
867 576 989 647 festum
1017 576 1230 646 Ascensionis
1258 574 1401 645 Domini.

756 729 820 810 (27.
845 727 946 802 maii).

319 871 427 932 Primo
453 869 560 932 Mathe
576 883 665 931 sutor
689 882 798 930 contra
828 868 991 931 Thomam
1015 868 1211 951 freniparum
1235 869 1342 952 primo
1367 868 1481 930 citatus

214 997 279 1039 non
304 977 494 1059 comparuit.

319 1083 397 1146 Item
423 1082 624 1165 Scuryanech
659 1081 756 1162 judici
786 1095 832 1144 est
864 1083 1029 1144 convictus
1063 1082 1093 1143 in
1118 1083 1220 1144 tribus
1251 1081 1360 1163 pensis
1384 1080 1482 1142 dena-

213 1191 334 1252 riorum
359 1210 454 1272 super
477 1210 527 1268 eo,
552 1189 626 1270 quia
655 1189 722 1270 Ipse
755 1189 920 1250 dominam
956 1189 1192 1270 Margaretham
1217 1188 1373 1266 citaverit,
1406 1205 1481 1248 cum

212 1310 319 1358 tamen
345 1297 493 1357 maritum
518 1295 675 1373 habuerit,
701 1295 851 1356 videlicet
876 1293 1029 1377 Gyurgek
1058 1294 1196 1356 condam
1221 1293 1371 1374 juratum.

320 1403 397 1464 Item
425 1402 527 1463 Lucas
551 1414 660 1462 contra
694 1400 897 1484 Scuryanech
924 1401 1030 1483 primo
1062 1401 1175 1462 citatus
1199 1420 1265 1461 non
1289 1399 1481 1482 comparuit.

319 1510 397 1571 Item
423 1510 538 1591 Magya
563 1523 671 1569 contra
697 1507 865 1569 Elizabeth
890 1507 994 1590 primo
1019 1507 1113 1569 citata
1137 1527 1202 1569 non
1228 1506 1420 1587 comparuit.

321 1618 397 1679 Item
416 1636 510 1678 causa
528 1614 686 1676 lanchech
703 1613 853 1676 aurifabri
872 1628 903 1676 et
922 1613 1073 1696 Symonis
1090 1613 1245 1675 carnificis
1262 1626 1308 1674 est
1323 1631 1381 1694 per
1399 1613 1482 1673 Mar-

217 1722 319 1784 tinum
352 1721 586 1805 carpentarium
617 1721 657 1781 ad
689 1721 828 1801 prImum
860 1719 1016 1800 judicium
1048 1731 1173 1801 recepta
1207 1717 1246 1780 ad
1271 1737 1385 1801 pacem
1409 1730 1482 1799 post

216 1827 390 1890 adventum
414 1827 538 1908 judicis.

319 1935 396 1997 Item
423 1933 590 1996 Elizabeth
622 1947 735 1995 octavo
769 1932 820 1993 die
844 1951 901 2013 per
933 1932 1119 2013 magistrum
1153 1931 1289 1993 Paulum
1315 1930 1480 1992 notarium

214 2053 245 2102 et
276 2040 385 2102 IIonch
417 2040 565 2102 atestabit
595 2059 764 2121 supereo,
800 2038 889 2119 quod
921 2039 1022 2120 ipsam
1055 2057 1135 2099 uxor
1166 2036 1340 2098 Alexandri
1365 2037 1397 2097 in
1431 2038 1482 2098 via

213 2147 341 2229 publica
366 2148 555 2228 captivasset
579 2166 636 2206 sua
660 2145 807 2227 potencia
832 2156 863 2205 et
891 2144 1078 2206 auctoritate
1103 2143 1275 2204 mediante.

319 2253 397 2314 Item
423 2253 507 2314 Iwan
533 2265 647 2313 octavo
672 2250 723 2312 die
747 2270 803 2333 per
826 2269 960 2311 uxorem
990 2250 1154 2331 Stephani,
1179 2250 1269 2310 Hans
1293 2263 1324 2311 et
1349 2249 1480 2311 Petrum

213 2360 360 2422 atestabit
391 2373 499 2421 contra
535 2358 688 2441 Gyurgek
719 2356 925 2438 jobagionem
956 2356 1111 2418 Anthonii
1141 2357 1265 2438 Renyz,
1297 2356 1387 2436 quod
1419 2357 1481 2418 sibi

214 2484 331 2527 novem
355 2465 461 2546 pensis
484 2477 655 2525 teneretur.

321 2569 561 2632 ItemNicoIaus
577 2569 652 2649 quia
677 2584 785 2632 contra
807 2569 1023 2632 Marchicham
1042 2569 1210 2631 mulierem
1228 2569 1259 2629 in
1277 2567 1399 2649 judicio
1416 2589 1482 2630 non

215 2677 393 2759 comparuit
409 2677 536 2737 racione
555 2675 720 2736 cuiusdam
741 2675 825 2754 furti,
843 2696 919 2758 ergo
937 2677 969 2736 in
985 2677 1087 2737 tribus
1112 2676 1217 2757 pensis
1241 2688 1288 2737 est
1303 2676 1481 2737 convictus.

321 2784 398 2844 Item
423 2802 516 2843 causa
541 2781 696 2842 Iohannis
721 2783 836 2843 Lieber
860 2797 891 2845 et
915 2783 1045 2845 alterius
1074 2782 1228 2844 Iohannis
1251 2780 1308 2842 filii
1334 2780 1483 2844 Domkus

216 2902 262 2950 est
285 2909 342 2971 per
365 2888 553 2969 magistrum
579 2888 714 2949 Paulum
739 2890 778 2951 ad
804 2891 943 2971 primum
964 2889 1118 2970 judicium
1144 2902 1216 2970 post
1240 2888 1416 2949 adventurn
1433 2887 1482 2969 ju-

215 2995 294 3057 dicis
318 2994 356 3056 de
381 2995 466 3056 curia
490 2995 577 3076 regie
603 2995 775 3058 Maiestatis
800 3010 926 3078 recepta
951 2996 991 3057 ad
1016 3014 1137 3078 pacem.

321 3102 396 3163 Item
423 3100 481 3163 filii
506 3100 631 3163 Crisani
665 3101 817 3163 Nicolaus
848 3117 879 3164 et
910 3102 1017 3164 Mathe
1049 3101 1179 3162 domine
1204 3101 1325 3161 Dicaue
1350 3114 1482 3163 centurn

216 3222 246 3269 et
270 3207 504 3290 qulnquaginta
529 3206 597 3270 flor.
623 3209 751 3270 racione
776 3229 832 3270 sue
850 3209 934 3272 dotis
958 3208 1051 3291 plene
1076 3207 1310 3290 persolverunt,
1334 3219 1432 3289 prout
1448 3208 1480 3269 In

215 3315 331 3374 nostris
355 3314 468 3376 litteris
493 3333 637 3397 expresse
663 3314 802 3377 vidImus
827 3315 982 3377 contineri
1008 3313 1178 3391 dotaliciis‚
1203 3313 1291 3394 quod
1315 3313 1341 3373 si
1365 3312 1406 3375 de
1431 3333 1482 3375 ce-

214 3434 284 3482 tero
309 3419 376 3501 ipsa
414 3421 545 3483 domina
569 3421 690 3483 Dicana
722 3422 846 3503 aliquas
868 3422 974 3483 literas
1005 3420 1133 3481 racione
1166 3419 1265 3500 ipsIus
1289 3418 1374 3481 dotis
1406 3439 1482 3502 pro-

215 3525 344 3588 duceret
368 3540 421 3588 aut
445 3527 493 3587 sui
518 3527 651 3589 heredes
675 3528 863 3589 exhiberent
880 3527 1033 3608 temporis
1056 3525 1088 3586 in
1113 3544 1275 3607 processu,
1300 3524 1363 3587 siut
1381 3545 1481 3605 casse,

214 3646 338 3694 mortue
363 3647 394 3694 et
418 3633 562 3713 innanes,
585 3634 706 3695 viribus
730 3647 760 3695 et
783 3634 898 3696 vIrtute
923 3634 1067 3694 cariture.

321 3738 398 3800 Item
424 3737 577 3800 Clemens
600 3737 688 3800 faber
714 3753 822 3802 contra
849 3741 995 3802 Kaukam
1019 3739 1124 3820 primo
1149 3739 1263 3800 citatus
1295 3757 1360 3799 non
1392 3757 1481 3799 com·

215 3843 330 3926 paruit.

319 3948 398 4010 Item
423 3950 540 4012 Paulus
573 3950 732 4012 aurifaber
763 3972 819 4033 per
851 3951 1037 4012 Tomadum
1063 3963 1093 4012 et
1125 3952 1265 4011 Brumen
1289 3951 1396 4032 primo
1431 3952 1482 4035 ju·

215 4055 300 4117 dicio
324 4055 470 4118 atestabit
494 4075 662 4138 supereo,
691 4058 778 4138 quod
812 4058 917 4139 ipsum
942 4057 1122 4139 Stephanus
1154 4056 1238 4118 lilius
1261 4057 1381 4118 Rudini
1409 4079 1481 4120 ver·

215 4162 382 4224 beraverit.

321 4267 398 4328 Item
430 4268 576 4329 Thomas
607 4281 716 4330 contra
753 4268 946 4350 Gregorium
987 4289 1097 4331 voscar
1128 4269 1233 4352 primo
1266 4269 1380 4331 citatus
1413 4290 1481 4333 non

216 4373 403 4454 comparuit.

321 4479 397 4540 Item
422 4479 567 4541 Andreas
592 4479 766 4542 Gusichich
790 4494 898 4542 contra
924 4481 1086 4542 Thomam
1112 4480 1309 4544 aurifabrum
1334 4484 1481 4546 secundo

215 4584 327 4645 citatus
350 4603 415 4645 non
439 4587 625 4666 comparuit.

319 4689 398 4751 Item
430 4689 592 4773 Malinych
628 4706 738 4754 contra
770 4693 925 4754 Iacobum
949 4694 1121 4775 pellificem
1153 4695 1257 4777 primo
1281 4694 1402 4776 judicio
1430 4718 1478 4759 re-

215 4795 396 4876 spondebit.
