3404 5362
289 323 408 437 ³2⁸„
533 431 768 438 *—
814 432 887 438 -

394 535 471 597 ltem
497 534 680 597 Anthonius
705 535 808 598 Reniz
833 535 911 599 leria
935 537 1030 599 tercia
1057 538 1202 620 proxima
1226 536 1343 619 jurabit
1368 554 1480 601 contra
1507 541 1558 601 lo-

288 639 427 703 hannem
453 641 616 704 Chemerii
641 642 730 724 quod
755 642 822 725 ipse
846 662 904 725 pro
929 643 1071 725 quodam
1089 641 1277 727 faretriparo
1301 644 1361 706 sibi
1386 644 1558 708 fideiussor

290 768 356 810 non
381 750 558 812 exstitisset.

297 1001 393 1076 Feria
422 1014 518 1076 sexta
547 1008 701 1095 proxima
729 1014 806 1095 post
834 1014 976 1078 octavas
1006 1007 1082 1078 lasti
1112 1007 1375 1097 Epiphaniarum
1403 1009 1540 1081 domini.

397 1174 504 1236 l'rimo
527 1175 680 1237 Nicolaus
704 1175 842 1237 condam
866 1174 962 1255 judex
987 1190 1096 1238 contra
1126 1176 1182 1239 Sib
1206 1176 1312 1260 primo
1343 1176 1459 1239 citatus
1491 1197 1556 1239 non

289 1281 480 1362 comparuit.

397 1387 474 1449 Item
492 1387 580 1469 quod
595 1387 795 1469 Margaretha
813 1387 929 1450 mulier
946 1387 1084 1450 condam
1101 1389 1263 1470 clavigera
1279 1388 1403 1450 domini
1424 1387 1557 1471 Georgii

289 1492 464 1554 sacerdotis
487 1493 527 1554 de
560 1493 737 1576 Oporouch
770 1508 880 1556 contra
911 1494 1031 1557 liberos
1062 1495 1188 1557 Nicolai
1220 1492 1372 1557 aurifabri
1398 1514 1494 1556 suum
1525 1509 1559 1557 ut

291 1597 403 1660 debuit
426 1619 459 1660 se
483 1613 568 1661 sexta
593 1619 665 1661 cum
691 1599 812 1662 civissis
843 1601 1053 1683 solempniter
1077 1601 1214 1683 prestitit
1237 1599 1466 1680 juramentum.

395 1723 471 1786 ltern
487 1723 647 1806 Georgius
672 1739 781 1796 contra
805 1725 987 1787 lohannem
1011 1723 1090 1786 feria
1113 1725 1210 1787 tercia
1234 1723 1453 1807 respondebit.

395 1831 473 1892 Item
499 1830 651 1893 Malinich
677 1846 785 1893 contra
813 1831 919 1894 Mathe
943 1831 1021 1893 feria
1045 1831 1141 1894 tercia
1165 1830 1386 1913 respondebit.

397 1955 476 2017 ltem
502 1955 662 2037 Georgius
686 1953 763 2017 feria
788 1956 886 2018 tercia
917 1976 973 2038 per
1005 1954 1249 2035 Kukuuachich,
1273 1954 1395 2016 Petheu
1420 1970 1452 2017 et
1477 1955 1555 2018 Gre-

286 2061 412 2142 gotium
431 2064 578 2125 atestabit
601 2081 697 2144 super
720 2082 770 2142 eo,
795 2063 883 2144 quod
908 2062 975 2145 ipse
993 2063 1105 2125 Marko
1131 2061 1252 2124 Gemez
1275 2081 1329 2124 sex
1353 2079 1477 2123 marcas
1502 2063 1556 2123 de·

289 2168 387 2231 disset
411 2183 442 2230 et
465 2170 672 2251 assignasset;
701 2168 821 2230 ibidem
853 2169 1001 2231 atestabit
1034 2188 1091 2251 per
1115 2168 1263 2246 Mathias,
1293 2167 1477 2230 lohannem
1501 2169 1556 2230 de·

288 2293 403 2336 canum
429 2289 460 2336 et
485 2275 591 2337 Mathe
616 2290 769 2355 sutorem,
802 2275 985 2337 Dionisium
1019 2288 1050 2337 et
1074 2274 1239 2336 Thomam
1270 2274 1359 2356 quod
1385 2275 1490 2357 ipsum
1517 2274 1557 2336 de

288 2382 387 2443 domo
412 2383 604 2445 exclusisset.

393 2489 471 2565 Item
498 2490 608 2551 Petrus
631 2489 734 2551 dictus
758 2489 858 2551 decan
883 2501 993 2550 contra
1018 2488 1164 2550 Maritum
1191 2485 1313 2550 Gemez
1337 2487 1481 2550 secundo
1513 2488 1556 2550 ci·

287 2609 371 2658 tatus
395 2616 459 2657 non
484 2597 674 2678 comparuit.

394 2720 471 2782 ltem
496 2721 658 2783 lohannes
682 2722 830 2804 Ztoyuulr
855 2718 933 2783 feria
958 2720 1055 2782 tercia
1079 2718 1298 2802 respondebit.

395 2826 472 2888 Item
498 2846 591 2889 causa
616 2825 773 2910 Chaplich
798 2842 828 2888 et
857 2826 993 2909 Mykech
1019 2825 1136 2907 Magde
1167 2838 1214 2888 est
1238 2844 1294 2908 per
1317 2837 1413 2886 testes
1445 2822 1485 2886 ad
1511 2822 1556 2885 f-

287 2933 365 2994 riam
391 2934 521 2995 terciam
548 2948 672 3016 recepta
697 2934 737 2994 ad
763 2953 885 3015 pacem.

393 3039 471 3101 Item
496 3061 588 3102 causa
616 3040 795 3117 Laurencii‚
821 3040 931 3101 Jacobi
949 3053 979 3100 et
997 3036 1129 3119 Georgii
1148 3037 1326 3118 juratorum
1351 3050 1463 3099 contra
1481 3037 1557 3098 Per-

286 3145 413 3208 toldum
438 3158 484 3207 est
508 3166 564 3229 per
589 3147 756 3208 Marenum
783 3160 814 3208 et
838 3146 1039 3229 Mychaelem
1068 3145 1108 3206 ad
1133 3143 1245 3207 leriam
1270 3144 1401 3205 terciam
1426 3157 1556 3226 recepta

287 3249 328 3314 ad
352 3271 475 3334 pacem.

394 3357 471 3418 ltem
496 3377 589 3418 causa
614 3357 738 3419 Nicolai
764 3371 794 3418 et
818 3357 894 3418 luan
927 3357 1090 3419 Huzareni
1123 3369 1169 3418 est
1193 3376 1249 3438 per
1281 3357 1483 3441 Stephanum
1514 3357 1556 3419 ad

288 3461 401 3524 leriam
427 3464 555 3525 terciam
581 3477 706 3546 recepta
731 3463 771 3525 ad
797 3483 919 3545 pacem.

395 3587 472 3649 ltem
497 3587 642 3649 Andreas
666 3588 722 3649 Sib
748 3600 857 3649 contra
882 3587 1076 3671 Dyonisium
1100 3588 1205 3670 primo
1237 3587 1351 3649 citatus
1374 3605 1440 3648 non
1466 3606 1556 3648 com·

288 3694 404 3775 paruit.

396 3799 473 3861 ltem
499 3798 591 3862 Cilus
616 3814 724 3863 contra
751 3799 886 3862 Cursam
912 3799 1055 3863 secundo
1079 3800 1193 3861 citatus
1228 3819 1295 3861 non
1319 3799 1512 3881 comparuit.

397 3906 474 3968 ltem
499 3906 653 3968 Nicolaus
678 3907 869 3968 castellanus
902 3920 1011 3969 contra
1043 3905 1245 3968 Anthonium
1278 3904 1417 3966 Zitarich
1449 3905 1557 3987 primo

288 4013 402 4075 citatus
430 4033 496 4075 non
521 4013 709 4094 comparuit.

395 4137 473 4199 ltem
505 4136 667 4198 lohannes
691 4150 800 4199 contra
827 4137 1038 4199 Benedictum
1056 4135 1249 4219 Mosnarych
1272 4133 1415 4197 secundo
1439 4133 1556 4197 citatus

289 4264 353 4306 non
379 4244 569 4327 comparuit.

395 4369 473 4432 ltem
502 4368 683 4451 Stephanus
707 4380 816 4429 contra
839 4366 1059 4429 Alexandrum
1084 4381 1198 4429 octavo
1223 4366 1276 4428 die
1307 4384 1341 4426 se
1364 4364 1483 4426 tercius
1507 4364 1556 4447 ju·

288 4476 370 4537 rabit
393 4475 425 4536 in
451 4495 501 4555 eo,
526 4474 614 4557 quod
641 4474 707 4556 ipse
731 4475 770 4535 ab
795 4473 866 4555 ipso
897 4487 960 4536 tres
985 4493 1106 4536 marcas
1137 4493 1203 4535 non
1236 4470 1406 4547 furaverit;
1432 4470 1554 4533 ibidem

288 4583 377 4644 solus
401 4582 519 4665 jurabit
543 4581 631 4663 quod
656 4581 722 4663 ipse
747 4581 806 4642 sibi
832 4600 951 4663 equum
977 4600 1041 4642 non
1066 4579 1297 4642 acomodasset.

393 4689 471 4751 ltem
504 4708 597 4749 causa
632 4687 767 4749 Mathias
800 4702 830 4749 et
855 4687 1028 4748 Alexandri
1061 4699 1106 4747 est
1134 4705 1190 4768 per
1222 4684 1344 4766 judices
1376 4682 1416 4745 ad
1440 4681 1554 4746 leriam

288 4797 419 4859 terciam
444 4809 627 4878 prorogata.
