3404 5362
660 380 747 438 Anno
769 374 862 456 1382.
885 412 929 422 —
952 392 1001 439 21.
1017 379 1182 454 februarii.

452 616 549 690 deria
577 625 674 689 sexta
702 619 856 706 proxima
885 622 962 687 ante
990 614 1191 688 dominicam
1219 615 1405 688 Invocavit.

801 769 864 843 (21.
886 765 1065 845 februarii).

400 913 477 974 Item
512 911 688 992 Gregorius
720 909 816 972 frater
849 910 1001 972 Damiani
1034 922 1144 971 contra
1176 909 1348 971 Nicolaum
1382 907 1561 970 carnificem
1638 907 1681 955 Β

294 1020 398 1102 prImo
423 1019 537 1081 citatus
562 1036 626 1079 non
652 1017 841 1098 comparuit.

402 1125 480 1187 Item
506 1123 592 1185 idem
618 1123 796 1185 Damianus
819 1135 928 1184 contra
953 1120 1094 1182 eundem
1123 1119 1295 1182 Nicolaum
1318 1121 1427 1203 prImo
1452 1121 1562 1183 citatus
1655 1122 1686 1163 ⁸

295 1252 359 1295 non
387 1231 577 1313 comparuit.

401 1337 477 1398 Item
504 1337 642 1398 Iacobus
666 1337 792 1398 institor
816 1348 926 1396 contra
954 1333 1084 1395 Petrum
1109 1333 1215 1415 primo
1246 1333 1360 1395 citatus
1385 1354 1452 1396 non
1477 1353 1561 1396 com·

295 1443 411 1526 paruit.

400 1548 477 1611 Item
492 1549 597 1609 Lachk
608 1548 773 1631 Borchych
788 1561 897 1609 contra
907 1546 1036 1607 Petrum
1047 1545 1152 1627 primo
1165 1545 1279 1606 citatus
1291 1565 1356 1607 non
1371 1546 1560 1628 comparuit.

402 1654 479 1717 Item
502 1655 610 1716 Endre
634 1651 775 1716 carnifex
800 1665 910 1714 contra
932 1650 1068 1713 Paulum
1102 1648 1284 1712 carnificem
1307 1650 1415 1733 pslmo
1449 1651 1561 1714 citatus

296 1780 361 1823 non
387 1761 578 1843 comparuit.

404 1867 481 1929 Item
500 1867 582 1929 liees
599 1881 709 1929 contra
727 1866 906 1928 Iohannem
926 1863 1022 1925 Liber
1034 1863 1140 1945 primo
1157 1862 1271 1924 citatus
1287 1881 1353 1924 non
1370 1864 1560 1946 comparuit.

401 1971 501 2034 Nota!
527 1973 615 2054 quod
648 1973 838 2034 Dominicus
870 1971 972 2053 pictor
1005 1968 1150 2032 Gallicus
1182 1970 1402 2052 possessiones
1432 1991 1507 2034 suas
1530 1973 1561 2033 io

294 2095 401 2143 nostra
427 2079 554 2141 civitate
581 2079 716 2155 habitas,
747 2079 871 2140 tamdiu
903 2094 1073 2159 quousque
1104 2077 1170 2158 lpse
1197 2076 1387 2138 Dominicus
1420 2076 1560 2140 Radolfo

294 2186 497 2248 atachunario
522 2187 649 2267 triginta
675 2204 728 2245 sex
746 2203 877 2260 marcas,
902 2184 1019 2265 quibus
1035 2183 1103 2265 ipse
1128 2182 1318 2244 Dominicus
1342 2182 1488 2246 Radolfo
1505 2185 1558 2246 de·

296 2294 380 2356 bitot
405 2308 460 2370 est,
486 2292 685 2374 persolverit,
710 2291 831 2353 nemini
856 2289 995 2352 vendere
1016 2288 1117 2371 possit
1142 2289 1190 2350 vel
1224 2289 1441 2371 lnpignorare,
1468 2304 1562 2374 prout

294 2399 360 2481 ipse
385 2399 577 2461 Dominicus
600 2412 713 2480 sponte
739 2396 919 2477 assumpsit.

400 2505 476 2565 Item
503 2504 645 2565 lwchech
677 2502 817 2564 carnifex
849 2516 959 2564 contra
991 2500 1191 2583 Stephanum
1234 2501 1423 2584 selliparum
1456 2505 1562 2587 primo

294 2609 406 2671 citatus
431 2629 495 2670 non
525 2610 714 2691 comparuit.

400 2716 478 2776 Item
495 2715 676 2796 Stephanus
700 2713 840 2777 famulus
863 2714 977 2793 judicis
987 2733 1042 2794 per
1060 2713 1197 2774 Paulum
1213 2732 1401 2796 preconem,
1426 2715 1562 2798 Stepha-

294 2840 371 2882 num
397 2819 499 2882 filium
517 2820 604 2882 Wolr
630 2834 659 2882 et
677 2821 884 2882 Dominicum
902 2819 1100 2903 penesticum
1118 2833 1233 2883 octavo
1257 2819 1309 2882 die
1333 2820 1394 2883 hoc
1411 2823 1563 2884 atestabit

293 2927 381 3010 quod
399 2927 562 2990 Iohannes
586 2928 711 2990 Sanilar
727 2942 871 3010 tempore
889 2942 1007 3010 nuptus
1027 2927 1085 2988 tria
1115 2925 1296 3009 pulvlnaria
1312 2925 1397 3009 (sibi)
1426 2927 1561 2991 dederit.

400 3032 478 3095 Item
503 3035 665 3095 Iohannes
690 3033 829 3095 Chemer
853 3048 962 3095 contra
988 3034 1072 3116 Span
1106 3032 1211 3115 primo
1235 3032 1348 3093 citatus
1374 3050 1443 3094 non
1473 3052 1561 3095 com-

292 3140 406 3223 paruit.

400 3247 478 3308 Item
511 3245 686 3327 Gregorius
717 3245 837 3325 juratus
869 3259 900 3309 et
931 3244 1045 3307 Paulas
1076 3257 1187 3305 contra
1218 3242 1390 3305 Nicolaum
1419 3243 1561 3324 juratum

293 3365 407 3413 octavo
431 3352 482 3415 dio
507 3353 757 3434 respondebunt.

396 3458 473 3519 Item
506 3457 665 3538 Georgius
690 3458 930 3519 molendinator
959 3471 1068 3519 contra
1100 3457 1228 3518 Petrum
1261 3455 1557 3520 molendinatorem

292 3563 397 3646 primo
426 3565 538 3625 citatus
559 3585 622 3625 non
647 3566 836 3646 comparuit.

399 3669 476 3731 Item
503 3669 592 3729 Hans
617 3669 694 3731 Scof
721 3684 831 3732 contra
857 3668 1050 3749 Gregorium
1076 3669 1191 3750 Angeli
1215 3667 1321 3751 prImo
1352 3666 1470 3729 citatus
1493 3687 1559 3730 non

293 3776 483 3857 comparuit.

399 3882 477 3943 Item
513 3882 665 3943 Nicolaus
700 3882 785 3944 tilius
820 3882 944 3944 Crisani
981 3895 1090 3943 contra
1122 3881 1301 3942 Iohannem
1337 3878 1442 3942 lilium
1475 3880 1558 3943 Petri

293 3987 398 4070 primo
423 3988 537 4050 citatus
561 4007 625 4049 non
651 3989 839 4070 comparuit.

399 4093 477 4155 Item
503 4093 686 4155 Anthonius
711 4095 808 4155 Remis
840 4109 951 4156 contra
983 4094 1183 4176 Stephanum
1206 4094 1273 4155 Rez
1306 4092 1412 4175 primo
1446 4093 1559 4155 citatus

293 4219 357 4262 non
383 4200 572 4280 comparuit.

399 4305 476 4365 Item
514 4305 596 4365 Rees
631 4317 739 4365 contra
772 4305 942 4366 Nicolaum
979 4304 1173 4386 Zdalchalep
1204 4305 1310 4388 primo
1342 4303 1457 4367 citatus
1493 4323 1557 4366 non

294 4411 484 4492 comparuit.

401 4516 480 4577 Item
514 4516 664 4577 Herricus
696 4514 825 4597 pellifex
858 4530 968 4578 contra
993 4518 1149 4580 Jacobum
1180 4516 1352 4600 pellificem
1385 4517 1492 4599 primo
1516 4517 1558 4579 ci·

293 4633 377 4682 tatus
400 4641 465 4683 non
491 4621 680 4703 comparuit.

399 4727 477 4788 Item
502 4746 596 4787 causa
629 4726 837 4809 Dragchycha
868 4727 1012 4790 mulieris
1040 4743 1149 4791 contra
1178 4728 1309 4792 Petrum
1339 4727 1380 4790 ad
1406 4742 1557 4792 octavum

293 4829 378 4891 diem
403 4833 443 4893 ad
466 4851 578 4914 pacem
603 4845 648 4893 est
672 4846 809 4915 recepta.
