3404 5362
353 1371 501 1468 (hnno
532 1369 714 1460 Domini
746 1366 1058 1465 MCCCLXXVI).

572 1552 688 1627 (Mense
709 1554 837 1625 martio).

181 1710 260 1772 Item
287 1709 406 1773 Mathia
431 1708 592 1771 aurifaber
609 1709 743 1771 domino
767 1709 918 1792 Philippo
943 1711 974 1770 in
999 1708 1172 1791 quindenis
1195 1710 1339 1792 quinque

80 1835 198 1878 marcas
222 1815 346 1897 argenti
375 1816 471 1894 boni,
502 1815 609 1875 minus
634 1835 698 1876 uno
733 1814 873 1894 fertone,
905 1816 945 1876 ad
970 1829 1116 1897 quartam
1141 1828 1261 1897 partem
1288 1835 1340 1876 ex-

80 1922 188 1986 solvet.

182 2027 261 2089 Item
295 2027 416 2089 Mathia
447 2028 607 2091 aurifaber
638 2042 752 2091 octavo
777 2028 829 2090 die
861 2028 1007 2090 atestabit
1031 2047 1087 2109 per
1119 2025 1224 2088 Eliam
1257 2028 1339 2088 auri·

81 2133 217 2213 fabrum,
241 2134 404 2195 Vidonem
435 2148 465 2195 et
496 2136 652 2197 Jacobum
685 2135 847 2196 medicum
876 2154 971 2215 super
1002 2153 1052 2212 eo,
1077 2133 1164 2215 quod
1197 2133 1263 2214 ipse
1288 2153 1340 2194 sex

81 2253 200 2301 caratos
224 2239 346 2320 argenti
372 2239 562 2302 Sebastiano
586 2254 696 2303 nostro
714 2239 852 2301 condam
870 2240 995 2300 concivi
1019 2239 1208 2319 assignasset
1232 2253 1262 2299 et
1286 2239 1340 2300 de·

80 2345 183 2425 disset,
207 2359 239 2406 et
262 2345 351 2426 quod
376 2346 514 2407 Jacobus
538 2345 678 2408 famulus
702 2346 801 2428 ipsius
825 2346 1003 2407 Sabastiani
1030 2346 1060 2405 in
1087 2345 1249 2425 presencia
1275 2364 1341 2405 ma-

79 2452 163 2533 gistri
190 2451 334 2513 franche
358 2451 510 2515 aurifabri
536 2467 567 2515 et
591 2452 744 2536 Gyurgek
769 2452 922 2533 premissa
947 2465 1119 2512 atestasaet.

180 2557 259 2619 item
284 2556 371 2619 idem
396 2558 517 2620 Mathia
534 2557 694 2620 aurifaber
711 2577 766 2639 per
784 2546 961 2638 Geo'rgium
979 2557 1138 2618 literatum
1164 2571 1195 2619 et
1218 2559 1340 2620 Antho-

81 2663 167 2725 nium
192 2664 306 2746 Renyz
330 2665 476 2726 atestabit
500 2663 616 2726 eodem
649 2664 701 2725 die
732 2683 828 2746 super
852 2663 1016 2725 laboribus
1046 2682 1128 2743 quos
1153 2663 1341 2725 Sabastiano

79 2769 246 2831 intulisset.

180 2873 259 2936 Item
284 2873 447 2936 Johannes
470 2874 556 2937 filius
579 2873 726 2937 Domkus
757 2889 865 2937 contra
891 2874 1071 2936 Johannem
1105 2873 1200 2934 Liber
1223 2889 1338 2936 octavo

82 2976 129 3040 die
152 2979 372 3061 respondebit.

182 3085 260 3147 item
286 3105 380 3147 causa
405 3085 537 3168 Georgii
569 3087 699 3148 sartoris
723 3099 753 3148 et
783 3087 913 3148 alterius
939 3086 1071 3168 Georgii
1104 3100 1150 3149 est
1174 3107 1229 3168 per
1255 3088 1341 3148 Mor·

84 3202 170 3253 tonos
193 3191 234 3253 ad
258 3205 332 3254 octo
354 3192 422 3253 dies
445 3206 572 3275 recepta
598 3191 637 3253 ad
662 3212 784 3274 pacem.

181 3298 259 3361 Item
284 3298 361 3359 iuan
385 3312 494 3361 contra
520 3299 703 3359 Emericum
728 3299 833 3381 primo
862 3299 975 3359 citatus
999 3318 1064 3359 non
1087 3298 1279 3380 comparuit.

182 3405 259 3466 Item
287 3406 389 3467 Elena
414 3417 523 3466 contra
549 3405 721 3466 Lucasium
743 3405 849 3486 primo
873 3405 967 3466 citata
991 3424 1056 3465 non
1082 3404 1275 3485 comparuit.

181 3511 260 3573 Item
281 3531 376 3574 causa
400 3512 507 3573 Deseu
530 3526 561 3573 et
585 3512 678 3573 Hanz
699 3524 746 3572 est
769 3531 825 3593 per
848 3523 943 3572 testes
965 3510 1005 3571 ad
1023 3524 1097 3572 octo
1121 3510 1189 3571 dies
1213 3524 1341 3592 recepta

90 3615 122 3676 ad
142 3637 263 3699 pacem.

182 3723 260 3787 item
291 3743 384 3786 causa
415 3723 556 3786 filiorum
589 3722 714 3785 Crisani
747 3738 777 3785 et
808 3722 983 3784 Alexandri
1015 3737 1061 3783 est
1085 3742 1141 3804 per
1172 3734 1267 3784 testes
1301 3722 1342 3783 ad

24 3854 31 3869 ·
90 3826 217 3905 primum
242 3828 399 3910 judicium
423 3842 550 3911 recepta
574 3829 614 3890 ad
638 3848 761 3910 pacem.

183 3934 261 3996 item
279 3934 398 3996 Paulus
415 3935 525 4018 Kypar
537 3954 595 4016 per
612 3933 755 3996 Francha
772 3933 969 3995 aurifabrum
987 3948 1017 3995 et
1035 3932 1187 4016 Gyurgek
1204 3933 1342 3994 condam

94 4032 214 4111 juratum
237 4054 347 4103 contra
373 4039 537 4123 Mathyam
561 4038 760 4101 aurifabrum
784 4054 897 4101 octavo
927 4039 978 4100 die
1003 4041 1150 4103 atestabit
1173 4059 1269 4122 super
1293 4059 1342 4118 eo,

94 4145 166 4220 quod
188 4147 248 4207 sibi
273 4166 375 4208 unum
399 4146 559 4208 florenum
583 4146 652 4207 auri
677 4161 848 4208 teneretur.

182 4252 262 4314 Item
287 4252 423 4336 Mykech
449 4253 583 4315 claudus
602 4265 712 4314 contra
730 4252 866 4313 Paulum
892 4253 1001 4336 Kypar
1017 4253 1121 4335 primo
1146 4253 1260 4313 citatus
1276 4270 1341 4312 non

95 4359 268 4439 comparuit.

183 4463 262 4526 Item
287 4464 471 4527 Anthonius
495 4465 598 4527 Reniz
615 4478 725 4527 contra
750 4465 906 4527 Jacobum
924 4465 1085 4527 medicum
1108 4466 1213 4548 primo
1230 4465 1343 4527 citatus

94 4583 146 4630 non
169 4571 359 4653 comparuit.

184 4676 262 4739 Item
280 4696 373 4739 causa
387 4677 520 4758 Georgii
534 4692 565 4740 et
579 4676 740 4740 Marthnik
753 4691 899 4738 sutorum
913 4691 959 4739 est
972 4698 1028 4759 per
1041 4691 1136 4740 testes
1149 4678 1189 4739 ad
1203 4678 1341 4760 primum

91 4776 237 4860 judicium
261 4798 389 4866 recepta
411 4783 452 4846 ad
480 4804 603 4867 pacem.
