3398 5364
616 349 815 428 Ann01378.
842 385 882 394 -
907 348 957 410 18.
973 349 1067 428 Jiarrt'i.

319 566 399 627 Item
424 566 575 646 magister
599 563 762 626 Johannes
793 562 927 645 Crispus
958 575 1067 624 contra
1092 561 1270 642 Georgium
1303 561 1482 623 stachiona·

219 673 297 733 rium
321 673 427 754 primo
460 672 573 733 citatus
596 690 661 731 non
687 670 876 751 comparuit.

320 777 400 838 Item
425 777 619 839 Benedictus
643 774 783 837 carnifex
812 789 921 836 contra
946 775 1140 857 Gregorium
1165 794 1277 836 voscar
1301 774 1406 856 primo
1438 774 1481 834 ci·

218 896 297 945 tatus
320 903 387 945 non
420 883 610 965 comparuit.

319 990 398 1052 ltem
422 990 533 1051 relicta
550 988 641 1049 Pauli
660 988 781 1050 Debele
806 1002 915 1050 contra
933 989 1062 1050 Petrum
1088 1001 1240 1049 sartorem
1258 988 1363 1069 primo
1388 987 1481 1048 citata

218 1114 278 1157 non
303 1095 494 1176 comparuit.

321 1202 400 1263 ltetn
425 1201 599 1284 Matheyko
617 1216 648 1262 et
665 1201 752 1261 Luca
775 1199 939 1262 carnifices
955 1214 1064 1262 contra
1084 1199 1263 1282 Georgium
1288 1218 1479 1261 assessorem

219 1308 320 1389 primo
344 1308 431 1369 citati
453 1327 518 1368 non
543 1320 801 1388 comparuerunt.

321 1413 399 1475 ltem
425 1412 571 1475 Geninus
594 1431 732 1473 assessor
757 1425 870 1474 octavo
895 1411 948 1472 die
972 1431 1029 1493 per
1042 1411 1237 1493 Gregorium
1262 1432 1384 1491 voscar‚
1410 1411 1480 1474 lon·

217 1539 291 1600 gum
307 1520 438 1580 Petrum
456 1531 486 1580 et
503 1518 704 1579 Anthonium
718 1518 856 1598 juratum
881 1518 1028 1580 atestabit
1045 1531 1154 1579 contra
1172 1518 1361 1579 Ladislaum
1378 1516 1482 1579 filium

221 1625 321 1686 Borke
345 1644 440 1706 super
465 1644 515 1701 eo,
540 1623 628 1704 quod
653 1624 720 1705 ipse
745 1644 821 1684 suus
845 1624 1061 1684 mercenarius
1092 1623 1325 1685 condicionalis
1357 1621 1480 1685 fuisset.

323 1730 401 1792 ltem
418 1731 489 1791 Elia
506 1728 666 1791 aurifaber
683 1743 792 1792 contra
810 1731 954 1791 relictam
973 1728 1098 1810 Sugech
1116 1729 1258 1790 secundo
1276 1729 1390 1790 citatus
1414 1748 1480 1790 non

219 1835 405 1918 comparuit.

322 1942 401 2003 Item
426 1942 634 2025 Wlkouycha
651 1955 760 2003 contra
777 1943 912 2004 luanum
929 1942 1071 2003 secundo
1096 1942 1190 2003 citata
1206 1962 1271 2002 non
1290 1941 1481 2023 comparuit.

322 2049 401 2110 ltem
426 2048 583 2109 Martinus
607 2047 696 2109 faber
713 2063 827 2110 octavo
845 2050 897 2110 die
914 2049 1062 2111 atestabit
1085 2069 1141 2131 per
1158 2049 1327 2110 Nicolaum
1348 2047 1481 2124 Odolas,

219 2155 372 2216 Iacobum
389 2155 480 2234 Bole,
499 2155 716 2236 Dragozlaum
734 2170 765 2216 et
782 2155 960 2236 Georgium
977 2156 1206 2217 stacionarium
1226 2175 1321 2236 super
1338 2155 1481 2237 quodam

219 2261 326 2323 debito
351 2281 417 2343 quo
442 2262 500 2323 sibi
527 2261 678 2322 dominus
703 2262 837 2344 Mykech
863 2260 948 2323 filius
972 2261 1116 2323 Franche
1141 2275 1312 2323 teneretur.

323 2368 401 2428 ltem
427 2367 513 2429 Elias
545 2387 662 2449 parvus
693 2382 803 2429 contra
835 2368 1006 2429 Nicolaum
1038 2367 1176 2429 condam
1205 2368 1344 2447 judicem
1377 2368 1481 2449 primo

218 2474 327 2535 citatus
352 2492 417 2534 non
447 2474 635 2555 comparuit.

322 2580 402 2641 ltem
426 2599 520 2641 causa
546 2580 685 2661 Philippi
718 2594 749 2641 et
774 2579 928 2642 lohannis
953 2594 1000 2642 est
1023 2600 1079 2662 per
1104 2580 1257 2663 Gyurgek
1289 2594 1320 2641 et
1344 2578 1479 2661 Mykech

220 2685 257 2746 ad
282 2699 356 2748 octo
381 2685 449 2746 dies
473 2700 600 2767 recepta
623 2686 663 2746 ad
687 2705 810 2767 pacem.

325 2792 403 2854 ltem
429 2812 545 2874 parvus
569 2791 738 2854 Chernech
764 2807 873 2854 contra
898 2793 1032 2854 luanum
1056 2792 1213 2854 Wrouich
1239 2793 1344 2874 primo
1369 2792 1481 2853 citatus

218 2917 280 2959 non
306 2899 494 2979 comparuit.

319 3004 396 3064 ltem
421 3003 678 3084 adjudicavimus
703 3005 843 3067 Johanni
874 3005 942 3066 filio
968 3006 1107 3088 Mykech
1139 3006 1356 3087 possessiones
1381 3018 1412 3066 et
1435 3005 1482 3065 vi·

217 3129 290 3171 neas
307 3129 495 3171 conservare
508 3109 643 3187 tamdiu,
661 3111 764 3172 donec
778 3131 837 3193 pax
852 3109 947 3172 fuerit
959 3111 1041 3174 inter
1056 3111 1244 3193 Capitulum
1263 3123 1293 3172 et
1308 3112 1480 3172 civitatem.

318 3215 397 3277 ltem
422 3215 616 3277 Benedictus
647 3216 786 3277 carnifex
811 3230 925 3277 octavo
958 3217 1010 3278 die
1034 3237 1067 3278 se
1099 3230 1205 3278 sextus
1229 3217 1348 3296 jurabit
1372 3216 1404 3276 in
1429 3235 1480 3304 eu,

214 3320 298 3400 quod
325 3321 391 3402 ipse
416 3340 511 3381 canes
534 3340 599 3381 non
624 3321 761 3381 misisset
785 3341 880 3402 super
903 3340 1040 3403 puerum
1066 3321 1231 3403 Stephani.

316 3426 395 3488 ltem
420 3426 589 3488 Ladislaus
614 3426 743 3488 Martini
768 3440 882 3487 octavo
915 3427 966 3488 die
992 3428 1165 3489 duodecim
1191 3429 1338 3509 personis
1362 3426 1481 3507 jurabit

213 3534 243 3595 in
267 3554 318 3613 eo,
350 3534 439 3615 quod
471 3535 538 3616 ipse
569 3534 669 3594 boves
693 3533 832 3594 Plauech
865 3534 941 3595 luan
975 3554 1040 3596 non
1074 3534 1242 3612 furaverit;
1278 3548 1309 3596 et
1335 3533 1480 3614 quando-

213 3659 350 3721 cumque
374 3639 414 3700 de
439 3652 544 3701 cetero
569 3639 701 3719 aliquod
734 3639 856 3699 malum
888 3640 1007 3701 civitati
1032 3654 1087 3701 aut
1118 3641 1217 3721 ipsius
1241 3638 1477 3702 habitatoribus

215 3745 365 3824 intulerit,
392 3759 507 3807 extunc
532 3746 728 3826 ubicumque
754 3745 935 3807 invenietur
962 3746 1113 3827 suspendi
1139 3746 1293 3807 debeatur
1318 3765 1357 3806 eo
1382 3743 1476 3805 facto.

214 3850 274 3912 Pro
291 3870 357 3931 quo
382 3849 623 3912 fideiubuerunt
639 3850 831 3911 Benedictus
855 3849 940 3912 filius
957 3851 1111 3932 Stephani
1128 3851 1167 3912 de
1187 3851 1358 3928 Petrouch,
1377 3848 1476 3911 Geor·

212 3957 281 4038 gius
306 3957 425 4040 Tayse,
450 3956 612 4038 Georgius
635 3955 730 4018 frater
754 3957 876 4034 Jacobi,
902 3956 1062 4038 Georgius
1086 3957 1170 4019 filius
1196 3959 1292 4035 Petri,
1319 3955 1480 4036 Georgius

213 4061 295 4124 filius
321 4062 474 4145 Stephani
507 4062 595 4143 quod
627 4063 652 4122 si
678 4062 736 4143 ipsi
766 4074 904 4123 statuere
937 4083 1001 4125 non
1027 4077 1156 4145 possent
1188 4065 1339 4140 eundem,
1365 4078 1479 4124 extunc

216 4168 449 4250 quinquaginta
474 4187 595 4229 marcas
619 4187 677 4249 pro
702 4168 771 4248 ipso
803 4169 966 4229 exsolvere
992 4168 1156 4230 debebunt
1189 4169 1372 4250 Stephanus
1396 4169 1480 4230 filius

214 4275 300 4354 luen,
326 4275 444 4337 Paulus
468 4274 588 4351 Calini‚
613 4272 772 4334 Janchech
798 4293 903 4355 zupan
937 4275 976 4336 de
1004 4276 1190 4353 Moroucha‚
1227 4275 1373 4358 Mychael
1397 4274 1480 4336 filius

215 4381 302 4444 Bank
327 4395 358 4443 et
382 4380 526 4443 Francha
551 4380 636 4442 filius
660 4380 754 4441 Petri.

318 4489 397 4550 Item
434 4488 589 4569 Orgouan
627 4487 659 4547 in
696 4487 870 4567 quindenis
905 4509 1024 4570 equum
1062 4490 1186 4550 Nicolai
1225 4489 1317 4568 jurati
1352 4508 1478 4570 presen-

213 4609 277 4657 tare
303 4595 409 4657 debet.

320 4701 399 4762 Item
417 4721 497 4762 uxor
514 4700 650 4762 Vidonis
667 4715 781 4762 octavo
799 4702 850 4762 die
868 4717 977 4763 contra
997 4703 1174 4785 Symonem
1191 4723 1223 4763 se
1240 4703 1336 4763 tercia
1353 4703 1479 4782 jurabit.

317 4807 397 4870 Item
422 4807 567 4889 Philipus
592 4821 701 4868 contra
727 4805 906 4888 Georgium
931 4823 1046 4868 octavo
1071 4809 1122 4869 die
1148 4808 1365 4890 respondebit.
