3404 5362
556 320 641 377 Anno
664 316 755 395 1378.
780 352 821 362 —
845 333 875 380 2.
900 321 1014 393 aprilr's.
1362 342 1420 404 117

263 531 342 592 Item
366 529 579 612 Vydkouicha
596 543 627 592 et
642 549 723 592 uxor
740 528 903 612 Kora(r)di
927 530 1059 592 textoris
1075 545 1185 593 contra
1203 533 1297 595 Kone
1313 533 1420 615 primo

146 637 247 700 <itate
272 655 338 697 non
367 649 627 718 comparuerunt.

259 742 337 805 Item
370 743 522 804 domiuus
553 742 700 805 Donatus
731 743 837 825 primo
869 742 982 803 citatus
1014 756 1124 805 contra
1153 742 1332 825 Georgium
1355 765 1420 807 aar·

140 863 256 912 torem
279 870 346 912 non
370 849 561 932 comparuit.

258 957 338 1019 Item
363 955 450 1017 Luca
474 968 585 1017 contra
610 954 789 1036 Georgium
812 968 968 1016 sartorem
992 968 1105 1016 octavo
1130 955 1182 1018 die
1200 955 1420 1038 respondebit.

258 1059 337 1125 Item
360 1061 514 1123 Nicolaus
537 1074 647 1123 contra
664 1061 835 1123 Radenum
853 1060 996 1123 secundo
1013 1061 1126 1123 citatus
1143 1082 1207 1124 non
1226 1063 1417 1145 comparuit.

262 1168 339 1230 Item
356 1166 554 1230 Wlkouicha
579 1180 689 1229 contra
706 1168 893 1248 magistrum
912 1165 1091 1248 Georgium
1112 1182 1267 1230 sartorem
1291 1183 1322 1230 et
1340 1168 1420 1232 Gre-

149 1274 282 1355 gorium
306 1273 413 1356 primo
437 1273 531 1335 citata
555 1292 621 1334 non
646 1274 836 1355 comparuit.

259 1396 338 1458 Item
363 1395 500 1458 Mathias
516 1398 660 1479 oroznyk
677 1410 788 1459 contra
805 1397 983 1480 Georgium
1002 1413 1032 1461 et
1050 1397 1245 1480 Gregorium
1260 1398 1421 1480 predictos

152 1502 259 1584 primo
283 1503 397 1564 citatus
420 1521 486 1563 non
514 1503 704 1585 comparuit.

260 1607 338 1668 Item
362 1606 561 1668 WIIrouicba
594 1621 625 1670 et
657 1606 817 1689 Georgius
849 1622 959 1671 contra
983 1608 1162 1671 Iohannem
1196 1609 1301 1692 primo
1334 1609 1420 1671 citati

156 1731 220 1773 non
250 1726 510 1794 comparuerunt.

257 1835 361 1899 Nota!
386 1836 476 1918 quod
500 1856 586 1898 anno
610 1836 735 1898 domini
752 1837 926 1899 millesimo
943 1838 1166 1902 tercentesimo
1183 1839 1420 1921 septuagesimo

155 1958 267 2006 octavo
293 1942 469 2024 Gregorius
492 1962 603 2004 voscar
619 1944 841 2005 commissrius
860 1943 1018 2005 Anthonii
1036 1944 1197 2023 Plathnar,
1223 1944 1338 2005 domos
1354 1942 1419 2006 fiIie

156 2071 209 2113 sue
235 2050 428 2132 Magdalena
452 2064 564 2113 vocate
588 2070 647 2133 pro
664 2063 787 2132 septem
803 2051 918 2112 marcis
942 2051 1150 2114 denariorum
1167 2051 1322 2129 vendidit,
1341 2070 1421 2133 quas

154 2176 210 2238 pro
235 2157 347 2219 eadem
366 2159 586 2235 conservabat,
603 2169 635 2218 et
650 2157 742 2218 annis
758 2156 894 2238 siugulis
911 2177 1012 2239 usque
1031 2158 1071 2219 ad
1091 2157 1284 2240 legittimam
1301 2169 1419 2218 etatem

156 2263 252 2344 ipsius
275 2264 383 2345 puelle
416 2263 544 2324 racione
575 2263 655 2325 lucri
690 2283 788 2325 unam
820 2283 961 2326 marcam
994 2264 1100 2326 eidem
1132 2264 1239 2346 pueIIe
1265 2263 1340 2325 dare
1365 2263 1420 2324 de·

156 2370 241 2431 bebit
263 2370 332 2431 siue
357 2383 452 2434 sorte.
1272 2353 1275 2359 ¹

256 2492 337 2555 Item
362 2492 538 2574 Dyonisius
561 2505 676 2553 octavo
701 2491 753 2555 die
775 2506 884 2554 contra
909 2493 1085 2554 Martinum
1100 2512 1134 2555 ae
1159 2492 1332 2554 duodecim
1350 2512 1420 2576 per·

156 2598 240 2659 sonis
264 2596 382 2678 iurabit
406 2598 439 2658 in
463 2617 513 2676 eo,
538 2598 626 2679 quod
651 2598 718 2680 ipse
742 2618 815 2659 suas
839 2598 919 2659 duas
951 2618 1073 2660 marcas
1097 2619 1164 2661 non
1189 2598 1351 2661 furaverit.

258 2704 338 2765 Item
362 2723 456 2766 causa
481 2702 622 2786 Philippi
640 2719 670 2765 et
693 2704 771 2765 Iuan
796 2718 844 2767 est
860 2724 916 2787 per
932 2703 1073 2785 judicem
1097 2706 1138 2767 ad
1162 2719 1236 2767 octo
1262 2705 1331 2768 dies
1346 2725 1420 2788 pro·

155 2823 261 2890 rogata
286 2809 326 2871 ad
349 2829 473 2892 pacem.

258 2914 338 2976 Item
362 2915 529 2977 Emericus
552 2915 719 2997 privignus
746 2916 886 2978 Plauecb
919 2918 995 2979 Iuan
1021 2930 1135 2980 octavo
1167 2918 1218 2979 die
1242 2917 1360 2999 jurabit
1384 2937 1417 2979 se

154 3020 266 3082 tercius
289 3021 322 3083 in
347 3039 397 3099 e0,
422 3021 510 3102 quod
535 3021 602 3104 ipse
627 3020 729 3083 Iurem
754 3042 886 3084 suorum
904 3025 1024 3085 bovum
1049 3025 1149 3085 nescit
1173 3043 1231 3085 nec
1255 3042 1329 3085 cum
1347 3023 1418 3106 ipso

156 3123 220 3189 Iure
245 3146 312 3188 non
336 3128 589 3192 concordaverit.

259 3250 337 3312 Item
362 3250 524 3313 Iohannes
549 3251 712 3314 Chemerii
741 3252 843 3313 Paulo
875 3251 1032 3334 Chaplich
1065 3266 1120 3315 aut
1150 3253 1324 3334 terragium
1357 3254 1418 3315 sibi

157 3357 265 3419 reddat
289 3370 343 3419 aut
365 3371 483 3420 terram
507 3359 647 3439 assignet
670 3358 878 3436 moliticiam;
904 3360 971 3442 ipse
995 3373 1102 3421 autem
1127 3361 1289 3422 Iohannes
1313 3359 1415 3441 ipsam

155 3482 280 3524 causam
305 3464 480 3546 appellavit
504 3465 544 3526 ad
568 3464 691 3545 judices
715 3466 875 3547 antIquos.

258 3570 336 3633 Item
362 3590 455 3633 causa
481 3570 615 3653 Georgii
646 3585 677 3634 et
708 3573 865 3634 Anthonii
896 3572 1019 3634 Jursicb
1044 3586 1091 3635 est
1122 3593 1179 3656 per
1202 3572 1344 3653 judicem
1376 3574 1416 3635 ad

155 3689 224 3737 octo
250 3675 318 3738 dies
342 3692 514 3759 prorogata
538 3678 578 3739 ad
599 3699 722 3761 pacem.

259 3801 339 3863 Item
363 3801 440 3882 quia
473 3801 569 3864 Clara
601 3802 719 3863 mulier
748 3801 885 3863 condam
918 3822 997 3864 uxor
1021 3803 1187 3865 Benedicti
1219 3802 1329 3880 Pazar,
1354 3824 1418 3885 qua

155 3906 252 3986 eciam
278 3920 312 3968 ut
336 3907 486 3969 asseritur
510 3908 614 3988 ipsum
640 3908 786 3970 occidere
802 3922 1014 3990 procurasset,
1037 3908 1078 3969 ad
1097 3909 1213 3970 trinam
1238 3909 1416 3991 proclama·

155 4012 277 4074 cionem
303 4011 464 4075 forensem
488 4014 527 4075 ad
541 4013 685 4094 justitam
711 4014 819 4075 venire
844 4034 909 4076 non
933 4014 1064 4092 curavit,
1089 4034 1193 4095 neque
1219 4014 1305 4076 misit
1328 4029 1363 4078 ut
1386 4034 1418 4076 se

154 4117 190 4180 de
214 4119 377 4202 premissis
401 4135 601 4201 expurgaret,
626 4119 828 4181 decrevimus
850 4120 955 4201 igitur,
982 4134 1016 4183 ut
1040 4121 1225 4202 ubicunque
1250 4121 1282 4180 in
1300 4121 1417 4182 nostris

154 4225 271 4287 tenutis
294 4225 334 4288 de
360 4238 466 4288 cetero
491 4227 620 4287 inventa
644 4224 751 4304 fuerit,
783 4226 961 4288 secundum
985 4225 1034 4308 jus
1058 4226 1194 4289 civitatis
1219 4239 1326 4288 nostre
1350 4225 1419 4287 vin·

155 4331 236 4394 dicta
262 4331 302 4393 de
327 4332 395 4414 ipsa
422 4345 632 4414 sumpmatur.

256 4455 335 4518 Item
354 4456 554 4519 decrevimus
570 4456 797 4537 adjudicando,
814 4458 902 4538 quod
922 4458 1068 4540 Filippus
1084 4455 1169 4518 filius
1186 4457 1263 4517 Iuan
1281 4456 1418 4518 fundum

154 4580 247 4623 suum
271 4561 374 4644 sepire
398 4562 494 4624 debet
519 4582 620 4644 usque
644 4562 713 4623 dies
725 4577 798 4625 octo
823 4577 853 4624 et
876 4564 991 4625 domos
1015 4582 1110 4643 super
1135 4563 1240 4645 ipsum
1265 4560 1418 4624 fabricare

152 4685 253 4749 usque
277 4664 395 4728 festum
419 4668 585 4729 beatorum
613 4668 697 4729 Petri
723 4682 753 4729 et
776 4668 868 4729 Pauli
901 4668 1134 4750 apostolorum,
1159 4667 1306 4747 alioquin
1331 4685 1418 4728 com-

154 4773 302 4835 munitati
327 4774 507 4836 remanebit
531 4794 570 4835 eo
594 4773 688 4836 facto
