3404 5362
571 332 657 389 Anno
679 328 769 409 1376.
796 366 836 375 -
861 347 909 392 12.
933 332 1103 406 septembris.
1435 330 1474 412 63

318 542 396 603 ltem
421 541 579 604 Martinus
603 542 821 624 carpentarius
845 554 954 603 contra
978 540 1181 624 Mychaelem
1200 540 1357 623 Damyani
1370 541 1476 622 primo

210 649 325 711 citatus
349 668 415 710 non
439 649 619 730 comparuit

317 772 394 834 Item
420 773 572 853 magister
597 771 740 834 Francha
764 770 924 835 aurifaber
954 785 985 833 et
1009 770 1162 853 Gyurgek
1186 772 1398 833 commissarii
1422 773 1475 833 lo-

211 877 326 950 bannis
350 877 408 940 filii
430 878 597 941 Benedicti
629 877 793 961 Stephano
825 877 893 940 filio
917 877 1038 939 Rodini
1070 877 1102 938 in
1134 876 1307 959 quindenis
1331 878 1496 959 quinque

211 983 280 1046 flor.
305 998 336 1046 et
359 984 488 1066 triginta
513 983 663 1046 denarios
687 1003 745 1067 pro
769 983 912 1066 quodam
937 982 1000 1045 cilo
1025 983 1188 1045 exsolvere
1220 983 1348 1047 debent.

318 1107 397 1169 ltem
422 1108 560 1169 lacobus
585 1107 664 1169 Bole
696 1122 805 1169 contra
830 1107 1041 1170 Benedictum
1074 1106 1254 1169 carnificem
1287 1120 1400 1168 octavo
1425 1107 1477 1169 die

215 1232 271 1296 per
295 1213 495 1296 Stephanum
523 1213 696 1296 lapicidam
727 1228 758 1275 et
789 1213 969 1275 lanslinum
1001 1213 1149 1275 atestabit
1172 1212 1259 1294 quod
1292 1213 1398 1296 ipsum
1421 1234 1477 1296 per

212 1319 316 1380 crines
338 1321 493 1382 traxisset.

317 1425 397 1487 ltem
421 1426 572 1507 magister
594 1424 714 1487 Paulus
747 1437 857 1487 contra
881 1426 1029 1487 Markum
1054 1425 1168 1487 Putani
1193 1439 1307 1487 octavo
1333 1425 1384 1488 die
1408 1425 1477 1508 jura

211 1532 358 1593 ostendet
381 1552 476 1615 super
500 1531 640 1613 quadam
665 1533 770 1611 vinea,
793 1532 818 1593 si
844 1551 906 1613 qua
931 1531 1088 1595 habuerit.

317 1655 397 1717 ltem
421 1656 497 1718 luan
522 1669 553 1718 et
577 1655 754 1738 Gregorius
778 1669 887 1717 contra
913 1655 1084 1719 Nicolaum
1108 1655 1215 1718 rufum
1240 1657 1344 1740 primo
1364 1657 1477 1720 citatus

211 1781 276 1823 non
301 1763 491 1845 comparuit.

317 1868 395 1931 ltem
419 1868 551 1930 domina
569 1868 693 1950 Regina
717 1882 827 1930 contra
845 1867 1023 1950 Georgium
1048 1881 1201 1931 sartorem
1227 1883 1257 1931 et
1282 1868 1476 1950 Gregorium

214 1972 292 2036 feria
315 1974 414 2036 tercia
439 1975 584 2057 proxime
609 1993 695 2036 nunc
718 1989 852 2035 ventura
876 1974 1053 2036 secundum
1088 1975 1235 2037 libellum
1260 1975 1477 2057 respondebit,

213 2081 302 2163 quod
328 2095 374 2143 est
398 2094 484 2144 extra
507 2093 736 2144 testamentum
760 2081 892 2142 domine
921 2080 1095 2143 Katherine
1118 2082 1237 2143 sororis
1259 2102 1326 2144 sue.

321 2187 398 2250 ltem
435 2187 596 2270 Georgius
633 2187 806 2269 calcaripar
842 2202 951 2250 contra
983 2186 1117 2250 luchech
1152 2189 1385 2271 carpentarium
1425 2209 1477 2251 oc-

211 2308 285 2355 tavo
317 2293 369 2355 die
400 2294 548 2357 atestabit
579 2314 634 2376 per
667 2293 832 2356 Korosech
862 2307 892 2355 et
924 2313 1056 2355 uxorem
1089 2294 1218 2377 Mathey
1251 2294 1340 2376 quod
1371 2294 1476 2377 ipsum

212 2400 448 2482 vituperaverit.

318 2505 395 2568 ltem
421 2505 581 2587 Georgius
610 2526 709 2588 gener
738 2507 842 2568 Pouse
874 2521 983 2568 contra
1009 2504 1211 2571 Anthonium
1236 2508 1347 2590 Renyz
1372 2508 1478 2590 primo

214 2612 328 2675 citatus
351 2631 416 2673 non
441 2612 630 2694 comparuit.

319 2735 397 2797 ltem
421 2736 577 2798 Salomon
602 2748 712 2798 contra
737 2734 940 2799 Clementem
963 2750 1078 2799 octavo
1102 2737 1154 2798 die
1179 2736 1396 2818 respondebit.

320 2843 397 2904 ltem
424 2843 595 2925 assumpsit
624 2841 761 2904 Mathias
793 2842 1018 2924 stipendiarius
1050 2856 1136 2904 etse
1168 2842 1300 2904 firmiter
1323 2842 1480 2925 obligavit

214 2967 252 3011 eo
275 2948 388 3028 modo,
411 2948 500 3031 quod
525 2947 797 3030 quandocumque
823 2948 988 3010 Emericus
1012 2947 1179 3010 familiaris
1204 2949 1329 3010 domini
1353 2949 1478 3011 Nicolai

214 3054 253 3118 de
270 3054 374 3117 Zeech
398 3055 539 3137 primum
564 3055 596 3115 in
614 3055 803 3136 Zagrabiam
829 3053 953 3116 venerit
969 3066 1000 3115 et
1023 3055 1211 3135 magistrum
1230 3055 1253 3115 F
1257 3053 1373 3116 rancha
1398 3055 1480 3117 auri-

214 3159 341 3223 fabrum
365 3161 493 3223 racione
510 3160 678 3222 cuiusdam
694 3160 769 3241 equi
788 3160 967 3242 impeteret,
987 3160 1135 3243 expedire
1152 3160 1290 3243 propriis
1314 3161 1480 3222 laboribus

215 3281 246 3330 et
275 3267 432 3349 expensis.

319 3390 398 3453 ltem
430 3390 582 3452 Nicolaus
614 3390 805 3452 castellanus
840 3403 950 3452 contra
981 3390 1124 3452 relictam
1151 3390 1329 3452 Sabastiani
1362 3404 1476 3453 octavo

215 3496 267 3559 die
291 3495 508 3580 respondebit.

320 3620 398 3682 ltem
423 3618 600 3700 Gregorius
624 3633 655 3681 et
678 3619 831 3681 Nicolaus
854 3633 964 3682 contra
993 3621 1179 3702 magistrum
1205 3621 1341 3683 Paulum
1365 3636 1479 3684 octavo

214 3725 266 3787 die
291 3726 542 3808 respondebunt.

319 3832 399 3894 ltem
424 3832 550 3915 Cupich
575 3846 685 3895 contra
710 3832 863 3916 Gyurgek
893 3834 1120 3917 calcariparum
1146 3835 1251 3917 primo
1276 3835 1390 3897 citatus
1413 3855 1480 3898 non

214 3938 407 4021 comparuit.

323 4044 401 4106 ltem
425 4057 642 4107 atestaverunt
665 4046 817 4107 Marenus
841 4057 872 4107 et
900 4045 1062 4107 lohannes
1085 4045 1187 4107 Vosas
1211 4064 1269 4107 nec
1295 4064 1361 4107 non
1386 4045 1482 4126 judex

213 4150 427 4234 personaliter
440 4151 585 4230 astando,
610 4152 698 4233 quod
716 4153 832 4234 Mykus
856 4151 996 4213 concivis
1013 4165 1120 4212 noster
1144 4151 1176 4213 in
1198 4170 1332 4234 persona
1357 4151 1481 4213 domini

212 4257 262 4319 sui
288 4255 519 4340 archiepiscopi
544 4257 766 4340 strigoniensis
790 4257 924 4319 ecclesie
958 4257 1135 4340 Georgium
1160 4272 1315 4320 sartorem
1339 4272 1370 4319 et
1401 4256 1481 4320 Gre-

211 4363 344 4446 gorium
369 4376 591 4445 procuratores
612 4364 828 4426 constituisset
847 4363 888 4425 ad
912 4364 1022 4426 omnia
1046 4377 1077 4425 et
1093 4364 1241 4426 universa
1265 4365 1350 4426 bona
1374 4364 1480 4445 requi-

213 4469 316 4532 renda
341 4469 469 4530 Martini
495 4469 614 4531 Katiuo
638 4470 753 4533 vocati.

323 4591 403 4654 Item
428 4592 602 4675 Stephania
625 4593 742 4655 mulier
766 4606 876 4656 contra
900 4592 1072 4655 Nicolaum
1096 4593 1329 4678 carpentarium
1354 4593 1386 4655 in
1410 4613 1481 4677 pre·

211 4701 316 4764 misso
341 4712 532 4763 testamento
557 4698 684 4780 defecit,
709 4720 786 4782 ergo
810 4719 939 4763 causam
963 4700 1115 4782 perdidit.
