3404 5362
629 347 716 401 Anno
740 338 831 420 1585.
858 374 897 384 -
923 355 953 402 2.
970 338 1064 420 junii.

321 556 398 618 ltem
425 576 518 618 causa
544 555 655 616 Raden
681 568 790 615 contra
824 553 1010 615 Emericum
1041 571 1233 635 arcuparum
1266 552 1307 614 ad
1333 567 1479 614 octavum

214 665 300 726 diem
324 664 365 725 ad
391 682 503 745 pacem
527 676 574 723 est
601 674 739 742 recepta.

319 772 398 833 item
424 788 517 831 causa
543 766 675 849 Georgii
701 767 890 849 carpentarii
915 779 946 828 et
970 765 1100 827 alterius
1132 763 1265 847 Georgii
1291 764 1479 848 carpentarii

216 877 255 940 ad
280 890 429 939 octavum
455 875 541 936 diem
567 872 607 935 ad
631 891 743 955 pacem
768 885 815 934 est
838 885 976 954 recepta.

321 983 398 1044 Item
421 1001 515 1042 causa
541 979 674 1061 Georgii
707 991 817 1040 contra
848 978 1050 1040 Anthonium
1074 977 1113 1038 ad
1138 990 1289 1039 octavum
1322 977 1410 1039 diem
1440 990 1483 1038 est

215 1102 397 1171 prorogata.

321 1195 398 1256 Item
424 1191 609 1254 Anthonius
633 1190 790 1273 Scitarigh
816 1204 924 1254 contra
943 1190 1123 1252 Johannem
1147 1189 1254 1271 primo
1278 1190 1395 1252 citatus
1419 1209 1481 1251 non

215 1299 405 1381 comparuit.

321 1405 398 1466 Item
413 1424 507 1467 causa
525 1403 644 1465 Vrbani
670 1417 780 1464 contra
797 1402 881 1464 Iwan
907 1402 947 1464 ad
965 1417 1113 1465 octavum
1131 1402 1218 1464 diem
1235 1416 1281 1463 est
1298 1414 1481 1484 prorogata.

323 1512 410 1574 item.
426 1524 521 1573 testes
545 1510 677 1571 domine
702 1509 778 1571 Ewe
804 1509 971 1571 dominam
998 1510 1142 1572 relictam
1167 1509 1247 1592 Elye
1269 1522 1301 1570 et
1327 1507 1480 1571 Cosmam

215 1616 412 1680 aurifabrum
444 1616 484 1677 ad
517 1631 665 1677 octavum
691 1615 777 1677 diem
810 1615 849 1676 ad
874 1615 1146 1678 deliberacionem
1178 1629 1225 1678 est
1249 1628 1386 1697 recepta.
1412 1615 1482 1691 (sic).

321 1723 397 1784 Item
423 1741 517 1783 causa
541 1721 672 1782 domine
696 1721 814 1782 iwanie
839 1733 948 1783 contra
966 1720 1130 1783 Thomam
1155 1721 1195 1783 ad
1219 1735 1371 1783 octavum
1397 1719 1484 1781 diem

216 1843 263 1892 est
286 1843 458 1911 prorogata
482 1829 549 1888 sine
579 1827 749 1890 dilacione.

321 1935 398 1995 item
425 1953 518 1996 causa
543 1933 628 1995 iwan
657 1933 750 2014 jurati
783 1948 893 1997 contra
925 1934 1110 1996 Dionisium
1134 1933 1186 2015 (ad
1217 1946 1369 1995 octavum
1397 1932 1482 1993 diem

215 2055 261 2103 est
285 2040 480 2123 prorogata).

319 2147 398 2208 Item
423 2147 589 2208 Dionisius
612 2159 721 2209 contra
746 2146 850 2208 Joffan
874 2160 989 2209 octavo
1014 2146 1065 2208 die
1090 2145 1309 2229 respondebit.

321 2253 399 2315 Item
425 2253 529 2314 lwana
561 2253 677 2315 mulier
709 2266 823 2315 octavo
855 2253 907 2314 die
932 2273 988 2335 per
1022 2253 1197 2315 Martinum
1222 2265 1254 2313 et
1277 2270 1371 2313 suam
1409 2270 1483 2312 con·

213 2372 331 2422 sortem
355 2378 392 2419 ac
424 2373 605 2422 consortem
639 2359 737 2420 Marci
768 2358 829 2420 hoc
861 2359 1018 2436 atestabit,
1051 2358 1139 2440 quod
1165 2358 1267 2441 ipsam
1307 2354 1484 2439 Gregorius

214 2464 453 2527 Deuetizodecz
478 2467 672 2527 verberasset
697 2480 728 2527 et
751 2466 971 2548 vituperasset.

321 2572 399 2633 Item
418 2571 580 2633 Johannes
603 2570 688 2633 filius
706 2571 861 2634 Anthonii
887 2591 943 2653 per
959 2570 1141 2633 Johannem
1158 2569 1327 2655 Zuddych‚
1342 2570 1484 2649 Petrum,

215 2678 410 2760 penesticam
446 2676 507 2738 hoc
542 2679 700 2757 atestabit,
731 2679 819 2760 quod
856 2678 965 2740 Hanse
998 2678 1184 2741 Carintinus
1216 2697 1248 2738 se
1282 2676 1398 2758 viginti
1431 2696 1484 2737 ser

215 2784 329 2846 marcis
354 2797 384 2844 et
409 2782 533 2844 duabus
563 2784 670 2864 pensis
695 2784 799 2846 eidem
830 2785 1008 2846 debitorem
1033 2784 1174 2862 dixisset,
1203 2796 1317 2846 octavo
1343 2783 1396 2844 die
1423 2781 1484 2844 hoc

215 2890 372 2951 atestabit.

322 2995 398 3056 Item
424 3014 517 3055 causa
535 2993 666 3075 Georgii
693 3009 802 3058 contra
824 2996 992 3058 mulierem
1012 2996 1144 3058 Paulam
1167 2995 1208 3057 ad
1225 3007 1376 3057 octavum
1396 2993 1483 3057 diem

215 3099 254 3162 ad
279 3120 390 3182 pacem
416 3114 463 3162 est
488 3115 623 3183 recepta.

321 3206 399 3268 Item
425 3206 585 3288 Georgius
608 3206 849 3270 molendinator
873 3224 982 3271 contra
1009 3208 1203 3290 Gregorium
1227 3207 1333 3289 primo
1367 3207 1483 3270 citatus

215 3333 280 3374 non
307 3314 497 3394 comparuit.

322 3418 399 3480 item
425 3421 563 3481 Jacobus
584 3421 689 3481 taskar
714 3435 824 3483 contra
850 3422 1017 3484 Marenum
1038 3422 1143 3504 primo
1167 3421 1281 3482 citatus
1304 3439 1370 3482 non
1396 3439 1482 3482 com·

216 3524 331 3608 paruit.

320 3630 397 3692 Item
435 3650 528 3691 causa
565 3631 704 3713 Philippi
743 3647 851 3694 contra
892 3634 1023 3695 Petrum
1053 3633 1092 3695 ad
1132 3646 1281 3695 octavum
1315 3632 1403 3694 diem
1437 3645 1483 3694 est

214 3750 396 3818 prorogata.

321 3841 398 3903 Item
417 3840 549 3903 domina
575 3844 774 3924 Margaretha
793 3864 923 3906 consors
941 3845 1086 3907 Ceuetko
1104 3859 1254 3924 actuose,
1273 3845 1352 3907 item
1370 3845 1483 3907 Petrus

215 3947 357 4009 secundo
383 3967 415 4008 se
441 3967 475 4009 ac
498 3947 622 4029 Vinoga
641 3950 757 4012 mulier
780 3950 922 4012 secundo
939 3972 971 4013 se
996 3972 1091 4033 super
1116 3971 1154 4014 eo
1179 3951 1368 4032 (jurabunt),
1394 3952 1482 4034 quod

216 4053 275 4135 ipsi
303 4053 468 4134 quandam
492 4054 661 4135 pecuniam
687 4053 818 4137 Georgii
844 4077 909 4118 non
933 4058 1170 4121 subtraxissent.

320 4159 397 4220 Item
425 4158 569 4221 lwchech
594 4174 703 4221 contra
728 4161 835 4223 Endre
860 4164 964 4244 primo
989 4164 1101 4225 citatus
1125 4184 1191 4226 non
1215 4165 1408 4246 comparuit.

322 4265 400 4326 Item
427 4285 520 4326 causa
545 4266 637 4327 Judei
671 4280 780 4329 contra
813 4269 1058 4349 Nigromantem
1086 4269 1126 4331 ad
1158 4270 1300 4352 primum
1324 4269 1483 4351 judicium

215 4383 288 4452 post
311 4390 405 4431 suum
431 4370 605 4433 adventum
631 4387 678 4434 est
702 4388 883 4456 prorogata.

322 4476 400 4538 item
427 4478 590 4560 Myklinus
615 4493 646 4541 et
669 4480 795 4542 Vlricus
823 4481 984 4544 institores
1016 4496 1124 4544 contra
1151 4484 1234 4544 Rees
1265 4482 1372 4564 primo
1396 4483 1483 4546 citati

215 4602 279 4643 non
306 4598 564 4664 comparuerunt.

321 4688 399 4750 item
433 4690 589 4751 Martinus
620 4693 838 4774 carpentarius
870 4708 978 4755 contra
1011 4693 1114 4755 Joffan
1139 4695 1245 4777 primo
1277 4694 1392 4757 citatus
1417 4715 1483 4758 non

215 4796 405 4876 comparuit.
