3404 5362
216 344 332 439 ³²2-
377 433 401 438 .,

619 325 705 382 Anno
728 336 820 399 1390.
845 337 960 399 -13.
985 324 1073 384 mii.

1437 398 1502 426 ,s

318 538 397 601 Item
421 535 537 619 Mykch
563 535 714 617 Magdich
738 555 839 617 usque
856 532 1037 615 quindenas
1061 533 1226 615 quoddam
1251 544 1474 597 testamenti!

214 644 342 706 rescribi
367 643 463 705 debet
488 656 518 705 et
542 643 681 704 eundem
707 655 817 703 contra
841 639 952 701 iratres
976 640 1126 702 exhibere
1152 639 1257 702 debet.

320 749 397 810 Item
432 747 569 809 Michael
606 747 812 830 Dampmiani
844 759 954 808 contra
986 745 1088 807 Volek
1122 746 1228 828 primo
1270 745 1385 807 citatus
1415 745 1502 806 nd

214 855 404 938 comparuit.

320 960 398 1023 Item
431 958 623 1021 Benedictus
655 972 686 1020 et
716 959 863 1021 Vrbanus
901 977 1003 1040 usque
1034 957 1214 1040 quindenas
1247 957 1353 1019 Volek
1387 977 1453 1039 quo

216 1067 291 1129 dam
316 1067 456 1129 florenos
479 1066 603 1129 solvere
628 1065 756 1130 debent.

322 1172 400 1236 Item
433 1172 615 1255 Stephanus
645 1187 754 1234 contra
787 1170 950 1233 Thomam
983 1171 1095 1253 Tepez
1126 1171 1232 1254 primo
1269 1171 1387 1233 citatus
1419 1188 1502 1233 nod

216 1280 406 1363 comparuit.

323 1386 401 1447 Item
435 1386 630 1447 Laurentius
661 1399 691 1447 et
716 1384 914 1465 Dragozlaus
946 1398 1059 1446 octavo
1085 1383 1137 1445 die
1170 1383 1289 1447 debent
1313 1383 1502 1446 testifica?

219 1493 297 1576 quid
324 1494 427 1554 sciunt
451 1493 533 1555 inter
557 1492 751 1574 Gregorium
775 1489 930 1574 voyschar
954 1504 985 1553 et
1010 1491 1186 1553 Henricum
1212 1490 1398 1573 pellificem.

321 1599 400 1662 Item
425 1598 550 1660 Malech
575 1612 684 1660 contra
710 1597 839 1659 Petrum
863 1597 1054 1659 secundario
1072 1598 1186 1659 citatus
1207 1616 1272 1658 non
1290 1597 1502 1680 comparui·

321 1705 399 1768 Item
435 1705 596 1766 Johannes
632 1704 707 1765 Salk
751 1718 860 1767 contra
904 1704 1007 1765 Volek
1041 1702 1230 1766 secundario
1266 1704 1382 1766 citatus
1421 1722 1496 1765 no:

216 1813 405 1895 comparuit.

325 1921 402 1982 Item
427 1917 603 2001 Gregorius
628 1916 773 1979 Pondich
798 1930 829 1977 ct
859 1916 970 1978 Petrus
1003 1917 1175 1998 Hungarus
1207 1929 1323 1979 octavo
1355 1918 1408 1978 die
1433 1919 1501 1979 de

221 2029 296 2089 bent
321 2028 425 2087 dicere
453 2025 590 2107 qualiter
614 2023 789 2105 Gregorius
813 2022 968 2106 voyschar
993 2042 1146 2084 unacum
1161 2023 1298 2106 Mykech
1326 2022 1501 2107 Magdyct

219 2135 300 2194 inter
323 2154 356 2195 se
381 2133 543 2194 racionem
568 2131 757 2213 posuissent.

325 2239 401 2300 Item
429 2238 536 2299 Bartol
561 2251 675 2298 octavo
699 2235 751 2297 die
775 2249 885 2297 contra
912 2236 1084 2297 Bedicham
1113 2234 1333 2317 respondebit.

324 2346 401 2409 Item
428 2344 598 2406 Bartholus
621 2357 731 2405 contra
757 2342 969 2404 Laurentium
995 2356 1110 2404 octavo
1133 2342 1184 2403 die
1209 2342 1433 2424 respondebit.

323 2454 400 2514 Item
425 2451 639 2534 Kopunouich
665 2462 774 2511 contra
799 2450 928 2511 Petrum
953 2449 1144 2511 secundario
1173 2448 1287 2511 citatus
1312 2469 1379 2511 non
1399 2470 1471 2513 com

220 2560 335 2641 paruit.

327 2665 402 2726 Item
424 2663 599 2743 Gregorius
623 2663 780 2746 voyschar
796 2676 905 2726 contra
931 2662 1126 2744 Gregorium
1151 2662 1267 2742 Angeli
1293 2675 1410 2725 octavo
1435 2663 1501 2725 die

219 2784 313 2833 testes
324 2769 499 2852 producere
509 2769 614 2848 debet,
624 2770 773 2832 videlicet
784 2790 791 2830 :
802 2768 1001 2853 Stephanum
1015 2767 1139 2831 Malcch
1153 2782 1184 2830 et
1193 2768 1324 2831 Petrum
1340 2770 1476 2851 longum

325 2876 402 2937 item
428 2875 512 2935 idem
540 2875 714 2955 Gregorius
731 2877 846 2959 Angeli
864 2890 974 2937 contra
1000 2875 1138 2938 eundem
1165 2873 1362 2957 Gregorium
1382 2875 1501 2938 Geor‘

218 2982 308 3063 gium
334 2980 491 3041 adducere
516 2981 621 3043 debet.

327 3088 404 3149 item
430 3086 574 3149 Thomas
605 3103 714 3149 contra
740 3090 895 3151 Jacobum
927 3089 1032 3171 primo
1056 3089 1171 3151 citatus
1202 3108 1268 3150 non
1294 3089 1499 3171 comparuit,

325 3195 402 3256 Item
428 3214 520 3256 causa
546 3192 644 3255 Remi
665 3210 774 3257 contra
800 3196 900 3257 Malar
918 3196 957 3256 ad
983 3215 1094 3277 pacem
1118 3209 1166 3257 est
1189 3208 1326 3277 recepta.

326 3302 405 3362 Item
437 3300 620 3362 Anthonius
652 3303 784 3384 Jursych
825 3317 933 3365 contra
966 3304 1102 3365 Paulum
1134 3303 1240 3385 primo
1272 3302 1388 3364 citatus
1426 3318 1501 3365 nor!

220 3408 410 3490 comparuit.

329 3514 406 3576 Item
432 3534 525 3576 causa
551 3513 697 3594 Gregorii
716 3517 845 3577 sartoris
868 3515 911 3576 sic
929 3529 975 3577 est
998 3515 1148 3595 judicata,
1172 3514 1260 3597 quod
1278 3514 1391 3577 nullus
1407 3517 1500 3578 alter

223 3619 324 3682 homo
350 3621 449 3703 possit
481 3620 687 3683 medietatem
719 3622 884 3683 cuiusdam
918 3623 1010 3682 vinee
1043 3621 1243 3702 Margarethe
1273 3622 1422 3684 mulieris
1445 3624 1500 3706 pi-

221 3728 316 3808 gnori
343 3728 483 3809 recipere
501 3747 558 3789 nec
582 3747 766 3809 comparare
791 3729 850 3789 nisi
876 3727 1016 3810 prefatus
1034 3727 1218 3809 Gregorius.

330 3833 407 3895 Item
441 3834 529 3915 quod
561 3834 636 3915 quia
662 3834 814 3896 Clemens
845 3834 949 3895 dictus
975 3834 1084 3895 Huzar
1114 3847 1223 3895 contra
1256 3833 1388 3896 Petrum
1414 3855 1500 3897 con·-

222 3941 324 4001 civem
358 3955 502 4001 nostrum
537 3940 688 4022 nepharia
721 3939 801 4002 iacta
835 3941 1037 4024 perpetravit,
1063 3940 1136 4002 ideo
1169 3940 1273 4022 ipsum
1299 3954 1387 4003 extra
1414 3942 1500 4003 civi-

221 4061 318 4108 tatem
346 4046 479 4107 fecimus
503 4046 571 4107 cedi
602 4066 674 4107 cum
708 4048 829 4109 baculis
854 4062 947 4129 prout
979 4047 1027 4107 ier
1053 4047 1148 4108 huius
1179 4046 1316 4109 civitatis
1341 4049 1487 4129 requirit,

223 4166 254 4214 et
278 4152 365 4233 quod
392 4171 534 4233 unquam
559 4153 710 4235 deinceps
735 4155 765 4215 in
795 4154 954 4216 civitatem
980 4167 1121 4214 nostram
1146 4151 1240 4213 debet
1264 4152 1387 4214 venire.

336 4388 431 4462 Feria
460 4396 559 4461 sexta
587 4391 741 4479 proxima
771 4397 847 4480 post
875 4391 997 4463 festum
1028 4389 1243 4465 ascensionis
1274 4391 1411 4463 domini.

765 4544 826 4621 (13.
851 4543 943 4609 ninii).

328 4683 407 4744 Item
433 4734 438 4744 .
466 4735 470 4744 .
499 4731 505 4743 .
532 4697 641 4744 contra
659 4682 875 4744 Brnthkonem
901 4683 1005 4764 primo
1030 4683 1143 4745 citatus
1160 4701 1224 4744 non
1252 4683 1444 4765 comparuit.

329 4789 405 4850 Item
432 4836 438 4849 .
465 4837 471 4849 .
500 4839 505 4850 .
531 4788 620 4850 saber
644 4804 752 4850 contra
779 4789 925 4872 Mathyas
954 4789 1057 4871 primo
1076 4789 1189 4849 citatus
1212 4807 1276 4849 non
1296 4789 1486 4872 comparuit.
