3398 5364
632 336 719 394 Anno
740 348 833 412 1590.
858 368 898 378 —
925 347 971 409 15.
996 336 1108 409 aprilis.
1441 356 1498 417 3²¹

341 545 421 608 ltem
445 545 554 608 Bartol
579 560 689 608 contra
714 543 889 607 Bedicham
914 545 1018 627 primo
1041 546 1153 608 citatus
1177 566 1242 608 non
1267 547 1458 629 comparuit.

342 652 422 714 ltem
446 652 556 714 Marco
580 665 788 734 campanator
804 665 913 713 contra
932 651 1070 735 Mayhen
1089 652 1279 714 secundario
1298 654 1412 716 citatus
1438 674 1503 716 non

235 758 426 840 comparuit.

341 863 420 925 Item
445 863 586 926 decanus
610 863 721 925 Petrus
745 876 854 926 contra
886 863 1014 925 Petrum
1039 863 1146 946 primo
1176 864 1289 927 citatus
1323 885 1389 927 non
1414 884 1502 928 corn·

233 969 350 1053 paruit.

341 1076 421 1138 Item
444 1074 630 1138 Anthoniua
657 1075 781 1138 Jursich
806 1089 916 1139 contra
944 1075 1140 1157 Agustinum
1164 1075 1364 1138 sacerdotem
1388 1095 1501 1139 secun·

236 1182 328 1246 dario
351 1183 465 1251 citatus
489 1201 555 1245 non
584 1183 773 1264 comparuit.

343 1289 422 1351 ltem
446 1288 567 1351 Paulus
590 1287 752 1351 aurifaber
776 1302 887 1351 contra
912 1290 1056 1351 Blasium
1084 1290 1275 1353 secundario
1299 1290 1414 1353 citatus
1438 1309 1502 1353 non

234 1396 425 1479 comparuit.

339 1501 419 1564 ltem
447 1502 534 1565 lwan
553 1501 656 1565 Gozel
682 1514 790 1563 contra
809 1501 964 1565 Jacobum
989 1501 1180 1563 secundario
1198 1503 1310 1566 citatus
1334 1522 1399 1564 non
1413 1522 1501 1565 com·

234 1607 350 1690 paruit.

338 1713 418 1776 ltem
445 1713 566 1779 Paulus
597 1726 707 1776 contra
739 1713 904 1776 Andream
936 1712 1118 1776 carnificem
1150 1714 1255 1796 primo
1288 1713 1402 1777 citatus
1435 1735 1501 1778 non

236 1821 426 1904 comparuit.

341 1926 420 1989 ltem
447 1946 542 1989 causa
567 1927 744 2011 Mychaelis
767 1927 974 2009 Dampmiani
1005 1941 1115 1988 contra
1141 1928 1300 2010 Kyrinum
1324 1927 1365 1989 ad
1386 1948 1499 2011 pacem

233 2046 277 2095 est
305 2046 443 2115 recepta.

338 2139 419 2202 ltem
443 2139 578 2223 Blaaych
596 2152 706 2202 contra
724 2138 873 2220 Magdich
890 2139 1080 2201 secundario
1097 2139 1212 2201 citatus
1226 2159 1290 2201 non
1309 2140 1501 2222 comparuit.

339 2246 418 2308 ltem
459 2245 543 2307 iwan
576 2245 749 2328 Ozmonog
789 2259 899 2307 contra
931 2245 1112 2307 Johannem
1151 2246 1256 2328 primo
1288 2246 1402 2308 citatus
1434 2266 1499 2308 non

234 2353 424 2435 comparuit.

339 2459 419 2522 ltem
432 2458 581 2542 Zytarich
594 2472 704 2521 contra
719 2459 874 2520 Jacobum
892 2458 1083 2521 secundario
1096 2458 1209 2520 citatus
1226 2479 1291 2520 non
1307 2459 1498 2540 comparuit.

340 2565 418 2628 ltem
436 2565 597 2627 Henricus
620 2563 751 2648 pellifex
775 2578 884 2627 contra
906 2565 1099 2647 Gregorium
1123 2565 1279 2647 voyschar
1303 2580 1417 2627 octavo
1443 2565 1495 2626 die

232 2671 451 2756 respondebit.

335 2778 415 2841 ltem
444 2776 633 2839 Dominicus
657 2778 748 2860 niger
772 2790 881 2840 contra
907 2777 1104 2860 Episcopum
1125 2778 1272 2840 terciario
1297 2779 1410 2842 citatus
1426 2799 1492 2841 non

233 2885 422 2968 comparuit.

342 2991 420 3054 ltem
453 2989 602 3073 Mychael
636 3002 750 3051 octavo
784 2990 835 3052 die
867 3009 961 3073 super
992 3011 1030 3053 eo
1063 2991 1179 3073 jurabit
1209 2992 1308 3053 tercio
1332 3012 1375 3071 se,
1407 2992 1496 3074 quod

234 3098 299 3182 ipse
324 3097 427 3160 Paulo
451 3095 613 3159 aurifabro
638 3098 670 3158 in
695 3096 837 3179 quodam
862 3095 1024 3160 furticinio
1048 3098 1145 3159 nichil
1170 3111 1216 3160 est
1239 3099 1420 3181 culpabilia.

337 3223 416 3285 ltem
441 3222 602 3285 Antonius
624 3235 655 3284 et
680 3220 856 3304 Gregorius
878 3222 1022 3285 Pondich
1045 3236 1198 3305 tanquam
1228 3237 1322 3285 testes
1346 3225 1492 3306 Zagorch

232 3327 451 3408 testificarunt,
482 3327 571 3410 quod
595 3328 662 3410 ipae
687 3327 831 3410 Zagorch
866 3328 1029 3410 quandam
1065 3330 1192 3391 vineam
1216 3329 1424 3410 ligonizatam
1453 3331 1494 3392 ad

231 3452 346 3497 manus
369 3434 535 3497 Benedicti
560 3435 776 3517 Koponouich
801 3434 1016 3518 tradi(di)sset.

317 3667 416 3744 Feria
444 3680 542 3744 sexta
572 3674 727 3762 proxima
755 3680 833 3763 post
860 3679 1001 3745 octavas
1031 3673 1107 3746 festi
1139 3674 1242 3747 Pasce
1272 3676 1405 3748 domiui.

756 3825 820 3900 (15.
837 3825 963 3901 aprilis).

334 3962 410 4025 ltem
434 3983 527 4026 causa
548 3965 638 4026 Pauli
649 3963 842 4026 Merichicha
857 3979 966 4027 contra
979 3964 1105 4027 Petrum
1117 3966 1156 4026 ad
1168 3985 1280 4048 pacem
1295 3980 1341 4027 eat
1361 3981 1486 4050 recepta

335 4068 413 4131 ltem
445 4070 558 4133 Petrus
589 4071 728 4132 decanus
757 4083 867 4133 contra
899 4072 1027 4133 Petrum
1059 4072 1251 4133 secundario
1285 4073 1398 4134 citatus
1432 4094 1495 4136 non

214 4177 419 4258 comparuit.

336 4281 412 4344 ltem
437 4283 658 4366 Kopunouich
682 4297 791 4346 contra
821 4284 961 4347 eundem
994 4285 1123 4347 Petrum
1150 4285 1255 4368 primo
1289 4285 1401 4348 citatus
1433 4308 1497 4350 non

211 4388 420 4470 comparuit.

337 4493 416 4557 ltem
435 4495 553 4558 Paulus
577 4509 687 4558 contra
705 4495 867 4557 Andream
884 4497 1073 4561 secundario
1091 4499 1204 4560 citatus
1222 4518 1286 4560 non
1305 4501 1498 4581 comparuit.

332 4600 411 4663 ltem
436 4622 530 4664 causa
556 4601 704 4664 Delasich
730 4616 839 4664 contra
858 4603 1007 4684 Magdich
1029 4624 1130 4686 usque
1155 4605 1293 4686 primum
1320 4607 1496 4669 adventum

212 4705 372 4794 ipsorum
396 4709 539 4791 utrisque
563 4710 708 4791 partibus
732 4722 778 4770 est
794 4724 965 4791 prorogata
994 4726 1025 4773 et
1050 4713 1143 4773 ambe
1168 4726 1272 4793 partes
1296 4726 1406 4775 contra
1431 4733 1497 4774 sese

215 4813 349 4897 (testesl
372 4815 552 4897 producere
582 4816 709 4877 debent.

1351 4928 1365 4967 2
1377 4929 1384 4967 ι
