3404 5362
604 367 802 443 Ann01375.
826 400 869 411 -
893 363 923 428 ό.
947 368 1062 441 aprilis.
1441 385 1477 446 17

315 579 395 639 Item
425 597 485 659 pro
517 576 654 638 Nicolao
693 576 839 659 predicto
871 575 1022 657 Mateyko
1055 573 1195 635 carnifex
1230 588 1261 635 et
1297 573 1478 656 Stephanus

214 683 413 746 fideiussores
437 683 619 745 extiterunt.

313 791 392 851 Item
411 789 597 872 Damyanus
614 801 724 850 contra
741 787 936 870 Gregorium
954 789 1059 871 prImo
1076 788 1189 849 citatus
1203 807 1268 850 non
1285 789 1476 873 comparuit.

312 896 393 958 Item
418 913 513 957 causa
538 893 693 977 Stephani
717 907 749 957 et
764 894 856 956 Pauli
882 908 929 956 est
946 913 1002 976 per
1029 893 1234 956 Clementem
1251 895 1291 957 ad
1316 910 1390 958 octo
1407 895 1477 959 dies

212 1015 335 1084 recepta
361 1000 402 1062 ad
426 1021 551 1084 pacem.

314 1107 394 1169 Item
428 1106 581 1169 Clemens
613 1119 702 1168 sutor
733 1106 880 1169 atestavit
903 1126 960 1189 per
992 1106 1176 1168 Emericum
1202 1121 1233 1168 et
1265 1107 1403 1169 Iuanum
1426 1127 1478 1168 su·

211 1229 310 1275 torem
334 1232 431 1295 super
455 1232 505 1290 en,
530 1211 618 1294 quod
643 1212 704 1273 sibi
729 1212 927 1274 Laurencius
949 1232 1015 1274 non
1039 1212 1196 1274 solvisset.

315 1319 395 1381 Item
421 1319 571 1380 Marenus
595 1331 705 1380 contra
729 1317 892 1380 Andream
926 1318 1031 1400 primo
1060 1318 1173 1379 citatus
1197 1338 1261 1380 non
1287 1320 1477 1403 comparuit.

314 1424 394 1486 Item
420 1423 571 1504 magister
587 1421 750 1486 Iohannes
767 1422 902 1506 Crispus
917 1423 1069 1505 produxit
1086 1423 1242 1504 quasdam
1262 1424 1380 1502 literas,
1397 1438 1477 1486 tem·

211 1551 284 1612 pore
310 1529 471 1612 judicatus
495 1529 633 1611 Mykech
658 1527 714 1590 filii
733 1529 892 1591 Francisci
910 1543 1083 1607 emanatas,
1101 1529 1364 1610 inpignoraticias
1380 1549 1476 1612 super

211 1653 312 1697 ortum
340 1635 468 1697 Andree
500 1633 558 1696 filii
584 1635 668 1697 Petri
693 1634 820 1713 Pulani,
851 1655 995 1697 asserens
1028 1634 1116 1716 quod
1141 1634 1231 1697 nulla
1262 1634 1325 1696 alia
1348 1636 1477 1718 (Instru-

212 1740 328 1824 menta)
352 1740 484 1803 haberet
507 1754 617 1803 contra
641 1741 789 1803 Markum
815 1739 918 1802 lilium
943 1740 1091 1823 Mylech,
1116 1739 1218 1802 filiurn
1244 1741 1415 1804 Leonardi.

313 1847 394 1909 Item
425 1867 519 1909 causa
552 1847 705 1929 Symonis
735 1847 865 1909 sartoris
888 1859 920 1908 et
950 1866 1127 1928 preconum
1160 1860 1207 1908 est
1230 1866 1286 1927 per
1311 1846 1474 1908 Andream

211 1954 309 2015 Kozel
334 1953 375 2014 ad
400 1953 541 2036 prImum
565 1952 722 2034 judicium
746 1967 873 2032 recepta
896 1952 937 2015 ad
962 1971 1086 2035 pacem.

313 2059 392 2121 Item
418 2057 581 2120 Iohannes
598 2056 687 2119 Iaber
710 2057 828 2138 jurabit
845 2057 923 2120 seria
939 2072 1026 2120 sexta
1043 2071 1152 2120 contra
1171 2057 1363 2141 Mosnarych
1380 2078 1476 2141 super

213 2184 307 2227 unum
332 2164 502 2227 florenum.

312 2271 390 2333 Item
415 2271 540 2332 Marios
564 2282 675 2332 contra
700 2269 916 2351 Dragozlaum
940 2270 1046 2352 palmo
1074 2270 1168 2332 citata
1192 2289 1258 2331 non
1283 2270 1473 2353 comparuit.

310 2377 390 2440 Item
416 2376 568 2439 Miclinus
584 2389 695 2437 contra
720 2376 877 2438 Iacobum
894 2376 1036 2439 secundo
1053 2377 1166 2439 citatus
1189 2395 1255 2437 non
1280 2376 1471 2457 comparuit.

312 2482 390 2543 Item
416 2482 572 2544 Martinus
597 2496 707 2544 contra
731 2482 869 2545 Paulum
898 2483 1063 2545 literatum
1094 2481 1236 2544 secundo
1261 2481 1376 2543 citatus
1407 2501 1473 2543 non

216 2589 396 2670 comparuit.

311 2695 390 2757 Item
414 2693 547 2756 domina
564 2694 661 2754 Flora
685 2693 725 2754 de
743 2694 812 2776 ipso
830 2693 906 2755 vino
931 2694 1019 2777 prius
1035 2706 1109 2756 octo
1126 2714 1242 2777 pensas
1266 2693 1473 2756 denarIorum

218 2813 241 2859 ct
261 2813 382 2884 septem
406 2799 544 2862 cubulos
568 2800 635 2861 viui
660 2799 824 2862 extrahere
852 2799 993 2878 debebit,
1018 2799 1058 2861 de
1075 2800 1205 2862 residuo
1229 2813 1337 2861 autem
1362 2800 1473 2861 Petrus

220 2904 314 2968 Kurch
338 2921 485 2989 quartam
510 2919 634 2989 partem
659 2906 777 2968 habere
801 2905 941 2968 debebit.

388 3124 486 3199 Ferla
513 3135 613 3199 sexta
640 3129 797 3217 proxima
823 3134 902 3199 ante
930 3127 1131 3200 dominicam
1158 3128 1290 3218 judica.

739 3277 783 3357 (ό.
807 3282 932 3356 apn‘lis).

308 3421 418 3483 Primo
431 3440 524 3483 causa
542 3420 634 3483 Pauli
649 3420 767 3483 literati
791 3433 822 3482 et
839 3421 969 3482 Martini
981 3421 1138 3503 selliparis
1154 3435 1200 3484 est
1216 3440 1273 3503 per
1291 3421 1470 3484 Francham

219 3525 401 3589 aurifabrum
425 3526 464 3588 ad
488 3540 563 3589 octo
587 3526 656 3588 dies
678 3542 804 3609 recepta
829 3526 869 3589 ad
894 3547 1016 3609 pacem.

308 3632 387 3695 Item
405 3633 511 3696 Vrban
525 3647 614 3696 sutor
631 3647 741 3696 contra
754 3634 935 3716 Ztoyanum
952 3634 1058 3717 primo
1075 3635 1188 3697 citatus
1201 3654 1266 3696 non
1280 3636 1468 3718 comparuit.

308 3739 387 3801 Item
419 3753 533 3802 octavo
565 3739 617 3801 die
650 3740 788 3802 Iacobus
820 3740 946 3822 ensipar
974 3742 1198 3823 comprobabit
1222 3762 1278 3823 per
1303 3741 1469 3824 Gyurgek,

217 3843 303 3906 malar
326 3859 358 3907 et
388 3865 522 3908 uxorem
555 3844 788 3925 Lehcumuald,
821 3845 909 3926 quod
942 3847 1116 3909 Tomlinus
1148 3848 1207 3909 sibi
1233 3848 1308 3909 dare
1334 3848 1469 3909 commi·

217 3942 293 4012 tieret
316 3951 429 4013 decem
457 3951 526 4016 flor.
552 3952 632 4014 auri.

306 4057 387 4119 Item
424 4059 575 4140 magister
611 4057 736 4119 Berend
772 4071 883 4121 contra
919 4059 1087 4122 Elisabeth
1119 4061 1225 4142 primo
1258 4062 1371 4123 citatus
1402 4081 1468 4123 non

219 4164 395 4245 comparuit.

310 4269 389 4333 Item
408 4269 658 4333 Huzarenouich
668 4285 778 4334 contra
795 4273 942 4334 Maritum
957 4274 1062 4355 primo
1075 4274 1188 4335 citatus
1201 4294 1265 4336 non
1279 4276 1467 4358 comparuit.

306 4377 385 4439 Item
403 4377 507 4438 Lucas
523 4375 608 4439 filius
625 4376 776 4460 Matheylr
794 4392 904 4441 contra
920 4379 1055 4442 luanum
1072 4379 1175 4442 filium
1193 4381 1320 4443 Thome
1338 4395 1469 4465 propter

218 4484 365 4557 quendam
390 4481 527 4545 fundum
552 4482 598 4545 nil
621 4503 715 4564 agere
740 4483 836 4547 debet
859 4485 890 4546 in
917 4486 1024 4567 aliqua
1049 4500 1148 4569 parte.

307 4588 386 4652 Item
411 4587 576 4651 Iohannes
600 4602 710 4651 contra
735 4589 932 4652 Lucachium
957 4606 1070 4654 octavo
1092 4592 1144 4654 die
1169 4592 1385 4676 respondebit.

305 4695 384 4757 Item
418 4694 497 4756 Wlk
529 4695 769 4757 molendinator
801 4709 832 4758 et
864 4697 1111 4760 Hozarenouich
1146 4700 1250 4781 pslmo
1282 4699 1367 4761 citati
1402 4719 1466 4761 non

213 4813 461 4882 comparuerunt.

1343 4912 1360 4955 2
