3404 5362
636 356 722 414 Anno
746 368 840 432 139⁰·
867 389 906 398 -
931 369 958 416 1.
975 352 1059 431 julii.

218 566 303 628 linus
327 566 422 648 judex
439 566 600 647 quandam
619 585 709 627 suam
730 564 865 628 domum
884 568 973 628 uxori
991 587 1049 629 sue
1074 587 1174 649 usque
1193 567 1291 628 vitam
1319 567 1351 628 in
1372 567 1481 628 eadem

218 673 428 756 permanendi
454 673 624 753 legavisset
647 671 703 733 tali
728 671 838 752 modo,
870 673 958 755 quod
983 687 1055 757 post
1087 686 1225 736 mortem
1252 674 1354 756 ipsius
1379 674 1488 735 uxoris

219 798 275 841 aue
300 779 384 841 dicta
409 778 526 841 domus
549 779 688 841 claustro
712 778 845 841 ecclesie
878 780 976 841 sancti
1002 779 1127 842 Nicolai
1152 779 1357 842 devolvatur.

324 886 402 948 Item
429 886 605 968 Gregorius
629 899 739 948 contra
764 886 964 969 Stephanum
990 885 1123 948 Drasich
1153 885 1349 948 secundario
1372 887 1494 948 citatus

220 1012 285 1054 non
309 994 500 1074 comparuit.

325 1098 403 1161 ltem
429 1099 538 1162 Bartol
563 1119 634 1162 cum
661 1098 801 1162 Bedicha
824 1119 961 1181 usquem
985 1099 1070 1160 diem
1096 1098 1296 1161 dominicum
1323 1099 1488 1160 racionem

220 1225 341 1288 ponere
366 1206 495 1269 debent.

327 1310 405 1373 ltcm
431 1312 612 1394 Stephanus
644 1327 674 1374 et
706 1312 848 1375 Golozlo
873 1328 982 1376 contra
1014 1312 1140 1376 Malech
1172 1310 1365 1374 secundario
1398 1310 1485 1372 citati

221 1437 285 1478 non
311 1433 569 1500 comparuerunt.

326 1525 402 1586 ltem
428 1525 580 1587 dominus
597 1525 730 1608 Crispus
753 1540 863 1588 contra
881 1527 937 1588 Sib
953 1525 1059 1608 primo
1076 1526 1189 1588 citatus
1206 1545 1273 1587 non
1294 1525 1487 1608 comparuit.

324 1631 402 1692 ltem
428 1632 594 1694 Emericus
618 1632 706 1693 faber
730 1648 843 1695 octavo
875 1632 927 1693 die
952 1632 1040 1693 solus
1070 1652 1228 1715 supereo
1253 1631 1372 1713 jurabit
1396 1632 1486 1713 quod

219 1737 285 1819 ipse
311 1751 341 1798 et
365 1738 412 1797 sui
438 1736 586 1799 homines
617 1738 741 1799 nullum
775 1738 903 1800 vadium
929 1738 993 1819 (ab)
1023 1739 1211 1801 hominibus
1235 1738 1373 1801 Mathias
1397 1759 1488 1801 rece·

189 1838 355 1924 'pissent3
387 1845 451 1925 ipse
484 1858 591 1905 autem
624 1844 769 1927 Mathyas
800 1845 918 1906 dictam
948 1865 1075 1907 causam
1113 1845 1152 1907 ad
1185 1846 1338 1927 antiquos
1362 1845 1484 1926 judices

218 1949 404 2030 appellavit.

325 2056 402 2118 ltem
422 2056 546 2117 Petrich
571 2071 671 2118 sartor
689 2078 788 2139 usque
805 2058 986 2140 quindenas
1006 2060 1137 2121 terciam
1156 2059 1325 2120 dimidiam
1343 2079 1485 2121 marcam

218 2162 342 2222 solvere
368 2161 481 2239 debet3
506 2163 572 2245 ipse
596 2165 681 2225 enim
708 2163 889 2246 Stephanus
913 2164 952 2226 ad
974 2166 1125 2246 antiquos
1149 2164 1271 2244 judices
1295 2165 1484 2247 appellavit.

663 2367 845 2438 Sabbatum
881 2387 1034 2456 sequens.

326 2534 403 2596 ltem
430 2535 706 2616 quemadmodum
732 2556 825 2598 causa
859 2536 1012 2617 Stephani
1046 2537 1175 2599 sartoris
1198 2555 1254 2618 per
1286 2535 1409 2616 juratos
1442 2553 1488 2600 est

217 2639 355 2718 judicata
380 2640 495 2702 eodem
520 2641 618 2703 modo
644 2662 699 2724 per
723 2644 873 2724 antiquos
896 2642 1017 2723 judices
1042 2657 1088 2706 est
1111 2642 1308 2705 confirmata.

323 2747 401 2808 ltcm
429 2748 594 2809 Emericus
618 2746 706 2811 faber
734 2765 848 2811 octavo
880 2749 932 2811 die
957 2769 1052 2832 super
1077 2769 1116 2811 eo
1148 2749 1275 2830 jurabit,
1300 2751 1391 2832 quod
1417 2751 1485 2834 ipae

218 2853 357 2933 quedam
385 2852 470 2932 ligna
497 2852 642 2936 Mathyas
667 2857 764 2937 recipi
789 2876 854 2917 non
880 2853 1014 2918 lecisset.

272 3071 366 3145 Feria
396 3082 495 3146 sexta
525 3079 676 3163 proxima
706 3086 781 3167 post
808 3077 930 3148 festum
959 3077 1132 3149 beatorum
1163 3077 1255 3148 Petri
1284 3083 1318 3148 et
1346 3076 1446 3148 Pauli

721 3202 960 3290 apostolorum.

769 3377 809 3448 (1.
827 3375 925 3450 julii).

325 3530 401 3591 ltem
439 3531 550 3593 Petrus
588 3531 740 3592 Scornich
782 3533 885 3614 primo
922 3531 1035 3593 citatus
1078 3543 1188 3592 contra
1225 3528 1373 3590 Dclasich
1419 3551 1485 3593 non

217 3637 406 3717 comparuit.

325 3743 402 3805 ltem
421 3763 513 3804 causa
540 3742 621 3804 Petri
650 3743 766 3804 Prioris
790 3757 899 3806 contra
925 3741 1075 3824 Magdich
1109 3761 1210 3823 usque
1235 3741 1375 3824 primum
1401 3743 1485 3824 judi·

217 3849 303 3909 cium
328 3863 374 3910 est
398 3865 577 3932 prorogata.

326 3956 402 4019 ltem
429 3958 581 4018 Millinus
605 3970 715 4018 contra
741 3957 852 4018 Bozou
876 3956 981 4037 primo
1006 3957 1121 4018 citatus
1145 3975 1209 4017 non
1234 3955 1427 4037 comparuit.

325 4066 401 4125 ltem
428 4064 544 4124 l'aulus
569 4062 763 4125 Merichicha
781 4077 890 4124 contra
917 4063 1054 4124 Borkam
1071 4061 1261 4123 secundario
1286 4061 1400 4123 citatus
1417 4080 1483 4123 non

219 4172 407 4251 comparuit.

323 4277 399 4338 ltem
415 4277 505 4338 Duch
520 4293 627 4338 contra
642 4276 934 4341 Glesnakouicham
950 4277 1054 4358 primo
1075 4276 1188 4337 citatus
1204 4294 1269 4336 non
1287 4274 1481 4356 comparuit.

323 4382 398 4445 ltem
426 4385 578 4446 Nicolaus
602 4398 712 4446 contra
738 4383 907 4445 Nicolaum
934 4383 1037 4464 primo
1062 4382 1178 4443 citatus
1200 4400 1265 4442 non
1290 4381 1482 4462 comparuit.

325 4490 400 4551 ltem
427 4491 513 4552 idem
539 4490 691 4552 Nicolaus
715 4504 824 4552 contra
843 4489 1037 4551 Biharuarad
1063 4487 1253 4550 secundario
1277 4486 1392 4548 citatus
1416 4506 1482 4548 non

217 4599 407 4679 comparuit.

324 4704 400 4765 ltem
426 4704 580 4766 Milclinus
604 4718 713 4767 contra
745 4702 884 4767 eundem
911 4701 1107 4764 Biharuarad
1139 4701 1243 4784 primo
1276 4699 1390 4763 citatus
1415 4719 1481 4763 non

217 4811 405 4894 comparuit.
