3404 5362
606 387 803 462 Ann01377.
830 419 869 427 -
894 399 945 446 20.
969 387 1082 444 martii.

294 639 390 714 Feria
418 648 517 713 sexta
545 643 700 731 proxima
738 646 815 712 ante
849 640 1050 713 dominicam
1087 638 1405 728 Ramispalmarnm.

742 795 806 870 (20.
830 796 952 868 martir).

321 937 430 999 Primo
455 934 606 1017 magister
623 933 741 995 Paulus
765 934 913 994 Markum
931 932 1045 995 Putani
1076 945 1107 995 et
1130 951 1224 994 suum
1249 931 1486 993 mercenarium

214 1062 231 1104 a
256 1043 400 1126 predicto
425 1040 606 1122 juramento
630 1038 752 1101 dimisit
776 1052 906 1121 propter
930 1040 1051 1101 bonurn
1077 1038 1173 1120 pacis.

319 1148 398 1209 ltem
423 1167 516 1208 causa
541 1145 720 1208 Clementis
744 1144 894 1206 Zirothlre
919 1157 949 1206 et
973 1145 1099 1206 Nicolai
1123 1144 1180 1206 lilii
1206 1144 1332 1206 Crisani
1358 1158 1405 1206 est
1429 1165 1488 1226 per

214 1252 416 1337 Mychaelem
449 1252 608 1335 Damyani
640 1265 672 1313 et
703 1252 832 1313 Petrum
866 1251 1058 1332 Hungarum
1087 1251 1126 1311 ad
1159 1251 1299 1333 primum
1324 1250 1484 1331 iudicium

213 1372 285 1443 post
308 1359 428 1421 Pascha
453 1373 578 1441 recepta
603 1357 643 1419 ad
667 1376 790 1440 pacem.

321 1465 399 1527 ltem
424 1465 577 1526 Nicolaus
601 1478 711 1526 contra
738 1464 824 1524 lwan
848 1463 953 1545 primo
978 1464 1091 1526 citatus
1111 1483 1177 1525 non
1201 1464 1394 1546 comparuit.

323 1570 401 1631 ltem
426 1569 545 1632 Cosma
563 1568 724 1631 aurifaber
747 1582 857 1631 contra
874 1570 1014 1632 Brumen
1039 1569 1145 1653 primo
1169 1570 1283 1632 citatus
1306 1589 1372 1631 non
1397 1589 1487 1631 com-

216 1675 331 1758 paruit.

321 1781 398 1843 ltem
424 1781 532 1843 relicta
558 1782 670 1844 Bozou
688 1795 797 1844 contra
815 1781 1015 1843 Anthonium
1040 1782 1142 1843 Reniz
1166 1782 1272 1864 primo
1296 1781 1391 1843 citata
1417 1802 1485 1844 non

217 1887 406 1968 comparuit.

322 1992 397 2053 lrcm
425 1992 586 2055 lohannes
620 2007 730 2055 contra
756 1994 948 2074 Gregorium
982 1995 1087 2076 primo
1112 1994 1232 2075 iudicio
1264 1993 1485 2076 respondebit.

322 2099 399 2161 ltcm
425 2100 509 2160 lwan
534 2113 761 2161 testamentum
783 2100 901 2161 sororis
917 2120 972 2161 sue
998 2101 1102 2182 primo
1119 2099 1239 2181 iudicio
1264 2113 1336 2181 post
1360 2098 1484 2162 Pascha

214 2217 396 2285 presentare
422 2205 561 2268 debebit.

321 2311 398 2373 ltem
425 2312 533 2373 relicta
550 2311 627 2372 Wll
646 2312 913 2373 molendinatoris
935 2311 1077 2394 Georgio
1094 2313 1126 2374 in
1143 2312 1317 2394 quindenis
1333 2313 1482 2393 quinque

216 2431 248 2478 ct
279 2417 421 2480 medium
456 2417 610 2479 eubulum
645 2418 727 2479 milii
762 2418 933 2499 persolvet,
969 2431 1065 2500 prout
1103 2418 1289 2480 testimonio
1326 2418 1486 2499 premisso

218 2524 374 2585 atestavit.

322 2629 401 2690 ltem
425 2648 519 2690 causa
545 2629 693 2710 Dragone
719 2643 749 2691 et
767 2630 918 2712 Stephani
944 2629 1097 2692 sallivene
1122 2642 1168 2692 est
1193 2649 1248 2711 per
1272 2629 1413 2711 judicem
1440 2631 1486 2692 ad

215 2734 356 2817 primum
375 2734 528 2816 judicium
554 2750 724 2817 prorogata
749 2756 804 2817 per
826 2735 1001 2797 lindicham
1027 2749 1057 2798 et
1082 2735 1245 2797 Andream
1269 2735 1484 2799 testificando,

321 2859 398 2919 ltem
417 2857 622 2940 Marchich(a)
646 2873 755 2920 contra
775 2860 930 2919 Jakouam
956 2859 1059 2940 primo
1080 2859 1173 2920 citata
1198 2878 1262 2919 non
1288 2861 1482 2941 comparuit.

321 2963 398 3025 ltem
423 2982 516 3025 causa
550 2964 646 3026 Blasii
679 2963 852 3025 sacerdotis
884 2978 914 3025 et
939 2964 1063 3025 Nicolai
1096 2977 1142 3027 est
1166 2985 1223 3047 per
1247 2965 1417 3027 Marenum
1452 2981 1485 3029 et

217 3068 388 3130 Nicolaum
413 3069 622 3131 castellanum
647 3070 687 3130 ad
712 3069 853 3151 primum
873 3069 1027 3148 judicium
1053 3083 1179 3152 recepta
1204 3070 1243 3131 ad
1269 3090 1392 3153 pacem.

322 3192 399 3254 ltem
426 3213 519 3255 causa
544 3193 694 3254 Peterlini
725 3207 756 3256 ct
786 3193 935 3255 Chuethlr
960 3208 1007 3256 est
1037 3215 1092 3275 per
1117 3194 1297 3256 iohannem
1328 3209 1360 3257 et
1384 3197 1482 3259 Eme·

216 3299 316 3360 ricum
341 3318 530 3380 arcuparum
555 3298 595 3359 ad
620 3302 759 3381 primurn
784 3297 940 3380 judicium
970 3313 1095 3381 recepta
1120 3300 1160 3360 ad
1184 3320 1307 3381 pacem.

321 3403 398 3465 ltem
424 3405 552 3465 lwnnlra
577 3405 693 3466 mulier
717 3404 881 3487 Stephano
905 3405 936 3466 in
962 3405 1134 3485 quindenis
1162 3419 1224 3468 tres
1246 3427 1369 3469 marcas
1393 3429 1484 3471 sexa-

215 3509 301 3588 ginta
327 3523 358 3570 et
382 3510 526 3590 quinque
551 3511 700 3572 denarios
724 3510 888 3572 exsolvere
911 3510 1018 3573 debet.

320 3616 396 3676 ltem
422 3618 609 3679 mercenarii
635 3617 772 3679 Emerici
797 3617 958 3699 arcuparis
975 3617 1111 3698 quilibet
1136 3619 1279 3699 ipsorum
1304 3620 1391 3681 meth
1419 3635 1482 3683 ter-

214 3721 280 3782 cius
305 3734 335 3783 et
358 3723 572 3783 mercenarius
596 3722 751 3784 iohannis
775 3721 854 3784 fabri
880 3736 988 3785 contra
1013 3723 1177 3804 quandam
1203 3724 1373 3787 mulierem
1399 3726 1481 3789 feria

213 3841 297 3889 sexta
322 3828 467 3909 proxima
492 3843 564 3910 post
588 3843 715 3895 octavas
739 3829 836 3892 l‘asce
865 3829 987 3891 domini
1014 3829 1117 3909 jurare
1142 3829 1315 3894 debebunt.

319 3933 395 3994 ltem
421 3953 514 3995 causa
540 3934 656 3995 Jalrlini
681 3949 711 3997 et
735 3934 841 3996 Mathe
857 3935 1071 4016 gladiatorum
1097 3937 1206 3997 estad
1232 3937 1373 4019 primum
1398 3936 1484 4018 judi·

213 4039 297 4100 cium
323 4055 492 4121 prorogata
516 4041 576 4101 sub
599 4061 681 4122 pena
707 4042 850 4122 quinque
875 4062 1065 4106 marcarum.

321 4145 397 4207 ltem
423 4146 572 4227 magister
598 4147 715 4207 l'aulus
744 4162 852 4209 contra
871 4148 960 4209 Mark
984 4149 1132 4209 atestabit
1155 4149 1260 4230 primo
1284 4148 1405 4228 judicio
1423 4170 1483 4232 per

215 4252 392 4333 Georgium
417 4266 570 4314 sartorem
594 4252 744 4333 juratum,
772 4253 942 4315 Nicolaum
975 4255 1183 4316 castellanum
1209 4267 1239 4316 et
1264 4253 1478 4336 Stephanum,

213 4357 301 4438 quod
326 4359 429 4440 ipsum
455 4359 514 4420 sub
538 4378 620 4440 pena
644 4360 734 4421 XXV
758 4379 937 4421 marcarum
962 4359 1199 4442 vituperaverit.

318 4483 396 4544 ltem
429 4482 619 4544 secundario
650 4486 797 4547 atestabit
827 4505 883 4568 per
907 4484 1078 4546 Nicolaum
1103 4498 1134 4546 et
1158 4484 1356 4562 lohannem,
1388 4485 1480 4564 quod

213 4587 299 4649 idem
323 4589 414 4650 Marlr
439 4588 524 4651 lwan
549 4589 736 4669 ordinasset,
761 4591 849 4673 quod
874 4592 979 4674 ipsum
1005 4590 1205 4653 interficeret.

317 4694 395 4756 ltem
427 4715 520 4757 causa
560 4697 701 4779 magistri
735 4698 824 4758 Pauli
860 4713 891 4759 et
924 4697 1095 4779 Dragozlai
1127 4713 1173 4759 est
1204 4718 1260 4780 per
1294 4718 1406 4760 voscar
1439 4700 1481 4760 ad

211 4799 351 4881 primum
376 4800 532 4881 judicium
558 4817 683 4885 recepta
708 4802 747 4863 nd
772 4823 896 4885 pacem.
