3404 5362
606 342 802 416 Ann01377.
828 374 868 384 -
894 353 942 416 13.
966 341 1074 398 martii.

319 551 397 614 Item
424 548 623 630 Dragozlaus
654 550 790 611 condam
824 548 944 630 juratus
976 562 1086 610 contra
1122 547 1309 628 magistrum
1342 545 1479 608 Paulum

214 672 329 721 octavo
351 657 404 719 dle
428 655 645 738 respondebit.

322 762 399 826 Item
425 782 518 824 causa
543 762 636 824 vinee
653 761 846 824 venumdate
867 780 924 844 per
940 761 1109 823 dominum
1136 759 1315 821 Francham
1340 758 1481 840 judicem

215 882 262 932 est
285 888 342 952 per
366 868 504 930 eundem
530 866 669 948 iudIcem
694 881 726 930 et
749 868 868 949 juratos
891 868 931 930 ad
956 882 1029 929 octo
1053 867 1122 929 dies
1145 880 1328 949 prorogata.

321 975 400 1037 Item
425 973 577 1035 Herricus
602 972 733 1056 pellifex
754 987 864 1036 contra
881 974 1023 1035 Iwanum
1048 973 1088 1035 de
1102 974 1214 1035 Lonka
1239 973 1344 1054 primo
1368 971 1484 1034 citatus

216 1101 282 1143 non
306 1080 497 1164 comparuit.

322 1186 400 1247 Item
427 1186 581 1248 NIcolaus
604 1199 714 1248 contra
739 1187 908 1248 dominum
925 1186 1070 1249 Blasium
1093 1185 1292 1248 sacerdotem
1317 1183 1424 1267 primo
1440 1182 1484 1246 ci-

214 1305 299 1355 tatus
324 1313 389 1355 non
414 1293 603 1375 comparuit.

322 1398 401 1460 Item
437 1418 546 1460 socrus
580 1397 689 1480 Egidii
723 1412 832 1461 contra
868 1400 1057 1482 magistrum
1096 1399 1250 1462 Cosmam
1282 1394 1485 1459 aurifabrum

217 1504 323 1588 primo
347 1504 440 1566 citata
465 1524 529 1566 non
552 1505 742 1586 comparuit.

323 1610 402 1672 Item
435 1609 616 1693 Stephanus
651 1625 760 1673 contra
792 1612 976 1693 Dragonam
1016 1626 1157 1674 sutorem
1197 1625 1312 1673 octavo
1348 1610 1400 1672 die
1435 1631 1484 1673 re·

217 1716 400 1799 spondebit.

323 1822 401 1884 Item
426 1821 563 1905 Mykech
588 1835 697 1883 contra
723 1823 812 1885 Mark
836 1824 977 1886 secundo
1009 1825 1123 1887 citatus
1154 1844 1219 1885 non
1244 1824 1436 1907 comparuit.

325 1928 402 1989 Item
429 1927 539 1989 Sibich
564 1941 594 1989 et
618 1927 779 1990 Iohannes
811 1930 911 1990 Pazar
942 1942 1051 1991 contra
1077 1931 1164 1992 Mark
1198 1944 1312 1992 octavo
1337 1930 1389 1991 die
1414 1931 1486 2011 qui-

218 2033 297 2096 libet
330 2034 472 2115 ipsorum
507 2054 540 2094 se
572 2048 678 2095 sextus
709 2033 924 2115 juramentum
963 2035 1126 2117 deponere
1159 2035 1323 2098 debebunt
1355 2037 1486 2098 racione

220 2139 386 2203 cuiusdam
411 2139 568 2202 clamidis.

325 2246 403 2309 Item
426 2246 580 2309 Nicolaus
604 2246 741 2308 condam
774 2245 859 2308 filius
883 2247 1023 2331 Lypoldi
1048 2247 1187 2330 lapicide
1212 2261 1320 2311 noster
1343 2247 1488 2309 concivis

218 2353 353 2416 asseruit
377 2352 409 2414 in
441 2352 541 2415 nostri
574 2352 738 2436 presencia
770 2353 916 2432 astando,
948 2354 1036 2436 quod
1069 2354 1135 2436 ipse
1169 2353 1349 2416 Iohannem
1380 2352 1486 2416 filium

220 2457 383 2520 Chemerii
408 2458 555 2520 sImiliter
579 2459 746 2521 concitem
764 2472 906 2522 nostrum
930 2460 961 2520 in
986 2459 1138 2522 omnibus
1154 2461 1232 2522 actis
1256 2474 1288 2522 et
1312 2458 1402 2522 Iactis
1419 2460 1486 2522 suis

219 2584 314 2627 suum
338 2564 511 2646 specialem
535 2577 775 2646 procuratorem
791 2565 1004 2627 commisisset
1028 2579 1058 2627 et
1074 2566 1236 2627 commisit
1252 2585 1360 2627 coram
1380 2566 1485 2628 nobis.

327 2669 405 2731 Item
430 2688 524 2730 causa
548 2669 673 2730 Nicolai
702 2683 737 2731 et
767 2669 945 2733 Clementis
977 2685 1024 2733 est
1054 2691 1111 2753 per
1143 2671 1313 2733 Nicolaum
1346 2670 1486 2733 condam

218 2775 359 2859 judicem
382 2774 422 2837 ad
446 2788 520 2836 octo
544 2774 612 2835 dies
636 2788 762 2856 recepta
790 2775 831 2837 ad
855 2795 978 2859 pacem.

326 2882 404 2944 Item
439 2880 654 2943 mercenarius
685 2880 841 2944 Iohannis
881 2881 938 2944 filii
972 2884 1117 2945 Domkus
1156 2897 1267 2946 contra
1299 2883 1487 2946 Emericum

220 3003 308 3053 actor
330 2989 467 3051 existens
490 3007 556 3049 non
580 2988 770 3070 comparuit.

328 3095 406 3157 Item
431 3094 507 3176 quia
532 3092 693 3175 Georgius
716 3095 881 3178 proaImus
913 3096 1036 3157 Mareni
1068 3117 1164 3178 super
1187 3096 1360 3159 Nicolaum
1382 3095 1488 3160 filium

222 3200 348 3265 Criseni
380 3219 509 3262 causam
540 3201 697 3282 quesitam
730 3201 929 3283 quesivisaet‚
961 3221 1037 3284 ergo
1059 3216 1106 3264 est
1135 3203 1300 3265 convIctus
1325 3203 1358 3264 in
1382 3203 1488 3267 tribus

221 3307 328 3390 pensis
351 3306 568 3369 denariorum.

407 3523 505 3598 Ferit
531 3499 631 3599 serata
657 3530 813 3618 proxima
841 3538 918 3600 ante
946 3529 1145 3600 dominicam
1173 3530 1306 3620 ludica.

748 3677 813 3759 (13.
837 3677 961 3761 martti).

331 3818 441 3881 Primo
466 3818 645 3881 Peterlinus
668 3832 778 3883 contra
800 3819 950 3883 Chuethk
974 3834 1088 3883 octavo
1113 3822 1166 3883 die
1183 3823 1330 3884 atestabit
1354 3842 1411 3905 per
1435 3824 1490 3886 Jo-

227 3924 367 3987 hannem
392 3944 545 4007 magnum
563 3939 594 3987 et
618 3925 726 3986 Mathe
751 3926 839 4008 quod
857 3926 961 4008 ipsum
979 3927 1065 3988 idem
1083 3926 1233 3989 Chuethk
1251 3929 1491 4010 vituperaverit.

331 4030 411 4092 Item
424 4031 514 4092 Marlr
528 4030 644 4095 Putani
657 4045 767 4093 contra
783 4030 960 4113 Georgium
975 4033 1080 4113 primo
1097 4030 1210 4095 citatus
1223 4054 1287 4095 non
1299 4036 1490 4117 comparuit.

331 4136 410 4199 Item
435 4155 531 4199 causa
556 4136 709 4220 Stephani
734 4152 766 4200 et
788 4137 915 4200 lwanke
933 4139 1077 4200 mulieris
1101 4153 1147 4201 est
1168 4160 1224 4222 per
1247 4154 1341 4203 testes
1358 4142 1398 4203 ad
1416 4156 1491 4205 octo

226 4243 295 4307 dies
318 4256 445 4325 recepta
468 4243 508 4305 ad
532 4262 654 4326 pacem.

332 4349 411 4412 Item
435 4368 529 4411 causa
562 4349 713 4432 Dragone
748 4362 779 4412 et
810 4350 963 4433 Stephani
1000 4364 1048 4413 est
1071 4371 1126 4435 per
1158 4353 1325 4414 Marenum
1350 4353 1391 4414 ad
1416 4368 1491 4417 octo

226 4454 295 4518 dies
318 4469 445 4538 recepta
468 4455 509 4517 ad
532 4475 656 4538 pacem.

332 4562 411 4623 Item
435 4581 529 4624 causa
561 4563 703 4645 magistri
735 4563 838 4642 Pauli,
870 4565 992 4627 Mareni
1024 4578 1055 4626 et
1084 4566 1255 4644 Dragozlai
1288 4582 1334 4629 est
1357 4588 1414 4650 per
1438 4568 1492 4632 Jo-

228 4668 353 4730 hannes
374 4668 467 4748 Wos,
491 4668 692 4731 Anthonium
717 4672 830 4753 Renyz
862 4684 893 4732 et
917 4671 1085 4733 Miclinum
1110 4672 1150 4734 ad
1175 4687 1248 4734 octo
1273 4673 1341 4734 dies
1365 4691 1492 4759 recepta

227 4773 269 4836 ad
293 4794 415 4858 pacem.
