3404 5362
569 101 656 159 Am
677 95 772 178 1384.
797 133 840 144 -
863 115 913 177 23.
936 99 1111 175 septembris.
1413 117 1475 180 219

315 313 393 374 Item
426 314 529 374 Lucas
560 325 590 374 et
614 312 693 373 alter
720 312 822 372 Lucas
858 323 968 371 contra
993 309 1115 392 Ztoyan
1149 308 1254 391 primo
1288 309 1373 371 citati
1411 329 1477 371 non

210 433 469 502 comparuerunt.

315 526 393 587 Item
418 525 564 587 Thomas
590 524 730 607 Demsyn
764 536 873 585 contra
903 522 1046 584 relictam
1073 521 1190 584 Sulech
1221 522 1326 604 prImo
1362 521 1476 583 citatus

212 653 274 694 non
305 633 495 715 comparuit.

317 739 396 801 Item
410 739 555 800 Thomas
569 738 711 820 Demsyn
725 750 835 799 contra
849 738 957 799 Mathe
967 737 1072 820 primo
1082 738 1195 799 citatus
1209 756 1272 798 non
1288 735 1476 817 comparuit.

317 865 394 926 Item
420 869 513 925 Anna
538 863 655 925 mulier
679 876 789 924 contra
810 863 938 924 Petrum
965 864 1035 924 Mos
1058 862 1163 944 primo
1189 861 1282 922 citata
1307 880 1370 922 non
1390 879 1475 922 com·

215 971 326 1053 paruit.

315 1076 394 1138 Item
406 1076 577 1158 Dragonya
591 1091 700 1138 contra
715 1076 892 1158 Georgium
905 1089 1046 1137 sutorem
1059 1088 1173 1136 octavo
1191 1074 1242 1134 die
1258 1072 1475 1155 respondebit.

318 1201 396 1261 Item
416 1198 603 1280 Gregorius,
621 1199 802 1282 Stephanus
818 1198 997 1281 Chaplych,
1023 1198 1169 1259 Ceuetko
1187 1210 1294 1258 contra
1313 1195 1477 1257 Thomam

212 1321 240 1367 et
262 1305 348 1367 Iwan
376 1307 480 1387 primo
505 1306 591 1367 citati
617 1326 681 1367 non
707 1317 966 1388 comparuerunt.

317 1412 396 1473 Item
420 1413 568 1473 Vrbanus
592 1428 702 1473 contra
727 1413 891 1474 Thomam
915 1411 1057 1473 secundo
1075 1412 1187 1473 citatus
1205 1430 1270 1473 non
1288 1408 1477 1491 comparuit.

316 1518 395 1581 Item
421 1519 540 1580 Paulus
572 1518 655 1580 filios
687 1519 849 1581 Charonta
881 1534 992 1580 eontra
1024 1518 1229 1580 ValentInum
1256 1531 1287 1579 et
1311 1517 1397 1577 Iwan
1429 1534 1474 1575 se·

212 1624 314 1686 cundo
347 1626 461 1687 citatus
485 1645 551 1687 non
575 1626 766 1708 comparuit.

316 1750 395 1811 Item
418 1761 514 1812 testes
538 1770 667 1811 causam
690 1749 867 1832 Mychaelis
884 1764 993 1810 contra
1013 1751 1131 1811 Lucam
1157 1750 1197 1812 ad
1222 1764 1372 1811 octavum
1390 1750 1476 1812 diem

214 1857 250 1917 ad
276 1876 390 1939 pacem
414 1870 612 1938 receperunt.

315 1963 394 2024 Item
420 1963 580 2024 Janchech
605 1961 765 2025 aurifaber
789 1976 898 2024 contra
917 1962 1096 2026 Iohannem
1122 1964 1218 2026 Vasas
1242 1964 1347 2046 primo
1364 1964 1477 2025 citatus

215 2089 275 2131 non
300 2069 491 2153 comparuit.

315 2173 393 2237 Item
418 2176 578 2257 Georgius
601 2176 823 2238 stachunarius
855 2191 965 2237 contra
999 2176 1200 2259 Mychaelem
1233 2177 1338 2258 primo
1363 2177 1476 2238 citatus

216 2301 275 2342 non
300 2284 492 2365 comparuit.

316 2389 395 2451 Item
419 2389 582 2451 Iohannes
607 2389 765 2450 Praudich
790 2402 899 2451 contra
919 2389 1097 2472 Georgium
1122 2390 1264 2451 secundo
1282 2390 1395 2451 citatus
1412 2409 1477 2451 non

216 2495 403 2577 comparuit.

316 2600 394 2662 Item
419 2621 513 2663 causa
531 2601 613 2662 inter
630 2601 824 2683 Gregorium
841 2601 943 2663 filiurn
966 2603 1105 2664 PIauech
1129 2617 1160 2664 et
1178 2602 1355 2684 Georgium
1374 2601 1476 2664 filium

216 2706 295 2769 Iwan
320 2709 363 2769 ita
389 2722 436 2769 est
461 2707 611 2787 judicata,
637 2709 724 2790 quod
755 2709 840 2770 idern
873 2709 1033 2791 Georgius
1064 2710 1299 2791 quinquaginta
1332 2710 1478 2771 homines

216 2812 298 2875 illius
334 2814 534 2876 condicionis
565 2816 654 2876 cuius
686 2829 732 2876 est
757 2816 822 2897 ipse
854 2829 989 2876 statuere
1023 2815 1163 2894 deberet,
1196 2829 1226 2876 et
1259 2835 1331 2877 cum
1364 2816 1477 2896 viginti

215 2921 355 3002 quinque
380 2922 525 3003 personis
549 2920 652 3000 jurare
681 2921 812 2983 deberet
845 2922 877 2983 in
909 2942 958 2999 eo,
984 2922 1073 3003 quod
1104 2922 1171 3003 ipse
1198 2922 1228 2983 in
1254 2921 1477 2985 Interfectione

215 3025 271 3088 OrI
297 3025 401 3089 fratris
425 3027 501 3088 dicti
527 3027 675 3109 Gregorii
701 3028 856 3089 innocens
873 3043 936 3104 est;
961 3042 1148 3111 procurator
1165 3043 1272 3090 autern
1296 3029 1373 3091 dicti
1398 3029 1477 3090 Gre-

213 3133 292 3213 gorii
317 3133 357 3194 ad
382 3134 534 3214 antiquos
557 3133 679 3213 judices
702 3134 885 3215 appeIIavit.

316 3257 396 3319 Item
423 3257 558 3340 Symoni
591 3256 657 3319 filio
683 3258 859 3320 Wlkouich
891 3278 973 3339 pena
998 3273 1044 3320 est
1074 3260 1178 3340 posita
1209 3261 1268 3320 sub
1292 3261 1477 3342 perdicione

213 3382 325 3425 manus
348 3384 415 3443 sue,
441 3364 529 3445 quod
561 3365 627 3446 ipse
661 3364 692 3424 in
726 3365 859 3426 domurn
890 3365 957 3425 Kus
989 3367 1109 3446 absque
1142 3366 1306 3428 voluntate
1330 3387 1386 3427 sua
1410 3387 1475 3429 non

214 3470 327 3533 debeat
356 3471 482 3532 intrare.

316 3578 395 3639 Item
420 3597 513 3639 causa
538 3577 648 3638 Iacobi
673 3591 783 3638 contra
809 3577 953 3638 Marcum
971 3577 1075 3639 filium
1101 3580 1236 3662 Mykech
1261 3579 1301 3640 ad
1326 3594 1475 3641 octavum

214 3683 296 3746 diem
322 3697 370 3745 est
394 3697 573 3766 prorogata.

317 3791 395 3851 Item
414 3790 521 3851 Mathe
538 3804 625 3851 sutor
639 3802 753 3851 octavo
771 3790 822 3850 die
839 3809 934 3871 super
952 3802 1073 3871 quanto
1091 3791 1157 3872 ipse
1175 3790 1301 3872 jurabit,
1319 3806 1475 3872 quantum

215 3897 299 3978 porci
323 3897 371 3957 sui
396 3896 461 3957 duo
486 3895 637 3973 valerent,
663 3894 722 3958 hoc
746 3897 805 3957 sibi
833 3896 957 3958 Malech
986 3895 1125 3958 carnifex
1149 3898 1273 3958 solvere
1299 3897 1403 3959 debet.

318 4019 397 4081 Item
422 4019 560 4081 Iohanni
586 4018 677 4081 fabro
702 4033 815 4083 octavo
841 4020 892 4081 die
916 4020 1058 4082 secundo
1087 4040 1119 4081 se
1145 4021 1175 4080 in
1202 4019 1284 4081 facto
1309 4021 1476 4082 cuiusdam

217 4124 377 4203 furticiniI,
402 4126 433 4187 in
459 4146 525 4207 quo
551 4127 654 4208 ipsum
679 4126 793 4187 Valesa
824 4126 1028 4208 inculpasset,
1061 4125 1120 4187 fuit
1151 4126 1368 4206 adjudIcatum
1393 4127 1476 4208 jura·

218 4247 376 4309 mentum3
402 4232 469 4315 ipse
494 4247 601 4295 autem
627 4233 788 4294 iohannes
812 4233 851 4293 ad
877 4234 1027 4314 antiquos
1057 4231 1178 4311 judices
1201 4233 1385 4316 appellavit.

319 4357 396 4419 Item
421 4358 503 4419 inter
536 4357 713 4438 Georgium
745 4372 897 4421 sartorem
930 4371 961 4419 et
989 4357 1132 4418 Marcum
1166 4357 1327 4420 GaIIIcum
1353 4359 1476 4420 eteius

221 4479 394 4526 consortem
419 4465 567 4526 universe
593 4484 686 4524 cause
713 4484 812 4545 usque
839 4485 922 4525 nunc
948 4478 1055 4525 exorte
1078 4476 1151 4524 sunt
1174 4465 1276 4546 sopite
1302 4480 1332 4525 et
1356 4466 1475 4544 sedate,

222 4580 248 4629 et
269 4590 336 4632 sese
360 4585 474 4633 mutuo
499 4570 730 4631 commiserunt
755 4570 931 4651 expeditos.
