3398 5364
1417 327 1477 389 353

320 523 398 584 ltem
424 519 605 602 Stephanus
628 532 743 580 octavo
768 518 820 580 die
844 530 953 580 contra
972 517 1148 601 Symonem
1169 537 1265 601 super
1288 537 1327 579 eo
1351 517 1479 599 iurabit,

212 628 301 712 quod
334 628 402 712 ipse
434 626 520 688 dicto
553 625 687 708 Symoni
720 638 842 708 septem
882 625 988 707 pensis
1019 624 1225 686 denariorum
1257 623 1383 686 debitor
1413 642 1480 686 uon

213 735 320 800 luerit.

647 878 744 954 Feria
774 889 873 955 serta
902 902 1058 973 sequens.

319 1054 396 1116 Item
423 1050 600 1113 Hanslinus
624 1050 763 1112 condam
787 1049 908 1132 juratus
925 1064 1034 1113 contra
1060 1050 1215 1114 Mathiam
1239 1051 1345 1134 primo
1366 1052 1481 1115 citatus

214 1182 281 1223 non
313 1158 503 1243 comparuit.

322 1266 400 1328 Item
415 1283 509 1327 causa
524 1264 608 1325 lwan
626 1276 657 1325 et
673 1263 745 1346 lsyp
762 1263 802 1325 ad
826 1276 976 1325 octavum
993 1263 1079 1325 diem
1096 1263 1136 1325 ad
1153 1283 1266 1347 pacem
1283 1278 1329 1327 est
1342 1278 1479 1349 recepta.

323 1373 401 1435 ltem
427 1371 595 1452 Philippus
626 1370 743 1432 medici
775 1384 807 1433 et
840 1370 994 1432 Lucasius
1025 1384 1136 1433 contra
1167 1371 1296 1434 Petrum
1321 1369 1480 1434 famulum

215 1478 365 1543 Delasich
391 1477 495 1560 primo
520 1476 605 1538 citati
631 1495 696 1537 non
721 1489 979 1560 comparuerunt.

323 1584 400 1647 ltem
424 1584 598 1665 Dragonya
622 1596 711 1644 sutor
734 1597 765 1645 et
788 1584 934 1646 Andreas
964 1597 1053 1646 sutor
1077 1597 1187 1646 contra
1212 1584 1349 1646 Selezko
1373 1583 1479 1667 primo

215 1692 301 1755 citati
326 1711 391 1753 non
416 1701 675 1772 comparuerunt.

320 1798 399 1860 ltem
423 1796 588 1858 lohannes
610 1794 694 1857 filius
718 1795 829 1857 militis
853 1809 964 1858 contra
989 1796 1181 1876 Mauricium
1206 1794 1349 1858 secundo
1366 1795 1481 1858 citatus

216 1925 281 1967 non
306 1902 496 1986 comparuit.

323 2010 400 2072 ltem
426 2008 589 2071 lohannes
612 2006 698 2070 filius
721 2008 840 2070 Donati
872 2022 982 2070 contra
1007 2008 1209 2071 Anthonium
1242 2009 1342 2072 Renis
1365 2024 1480 2072 octavo

217 2116 267 2180 die
292 2115 509 2199 respondebit.

322 2222 400 2284 ltem
425 2219 581 2303 Zekyrich
606 2232 717 2281 contra
742 2219 888 2302 Dragech
913 2234 1027 2283 octavo
1051 2220 1103 2283 die
1132 2221 1351 2305 respondebit.

322 2328 400 2390 ltem
425 2327 509 2388 Rees
533 2339 642 2388 contra
667 2327 771 2409 Remp
793 2327 898 2410 primo
923 2327 1036 2388 citatus
1058 2347 1124 2389 non
1148 2329 1338 2411 comparuit.

320 2435 398 2496 Item
423 2433 536 2516 Cygan
569 2446 679 2494 contra
712 2432 856 2494 Marcum
888 2432 991 2495 filium
1024 2434 1208 2518 Blanchych
1241 2448 1273 2497 et
1298 2435 1479 2498 lohannem

217 2539 414 2605 aurifabrum
438 2553 552 2602 octavo
578 2539 630 2601 die
654 2539 872 2622 respondebit.

322 2647 401 2709 ltem
425 2645 509 2708 lwan
533 2659 622 2708 sutor
646 2659 756 2707 contra
780 2645 865 2708 lwan
898 2645 992 2709 Jofan
1024 2648 1130 2730 primo
1154 2649 1267 2711 citatus
1298 2669 1365 2712 non
1392 2669 1480 2712 com·

215 2753 329 2835 paruit.

319 2859 397 2921 ltem
431 2857 613 2940 Stephanus
644 2858 804 2921 Pccohleb
835 2874 945 2923 contra
978 2863 1134 2924 lacobum
1168 2862 1246 2924 Bole
1270 2862 1413 2924 secundo
1437 2863 1480 2925 ci·

215 2980 298 3028 tatus
323 2984 388 3027 uon
416 2964 607 3046 comparuit.

324 3070 402 3133 ltem
419 3069 601 3132 Mosnaricb
620 3084 729 3133 contra
746 3071 931 3135 Dionisium
948 3073 1053 3156 primo
1071 3074 1185 3136 citatus
1201 3094 1266 3136 non
1291 3074 1480 3157 comparuit.

322 3177 400 3239 ltem
426 3176 602 3238 Hanslinus
618 3176 755 3239 condam
780 3177 902 3260 juratus
925 3194 1035 3243 contra
1052 3180 1216 3243 Andream
1240 3181 1345 3264 primo
1367 3183 1481 3245 citatus

215 3304 279 3346 non
303 3283 493 3366 comparuit.

322 3390 401 3453 ltem
432 3389 595 3452 lohannes
626 3390 773 3475 Samlyar
804 3405 914 3455 contra
949 3394 1078 3456 Petrum
1101 3394 1245 3457 secundo
1276 3395 1390 3458 citatus
1415 3415 1480 3458 non

216 3497 404 3581 comparuit.

321 3603 406 3667 ltem,
424 3603 577 3665 Herticus
612 3601 741 3685 pellifex
774 3619 885 3667 contra
914 3606 1058 3668 relictam
1083 3607 1228 3670 Cristlini
1261 3607 1404 3670 secundo
1437 3608 1480 3671 ci·

215 3722 299 3773 tatus
323 3728 388 3771 non
413 3710 603 3792 comparuit.

321 3798 398 3877 ltem
425 3815 601 3896 Gregorius
625 3814 867 3900 Chudauchych
891 3832 1001 3881 contra
1019 3819 1179 3883 lanchech
1203 3820 1346 3883 secundo
1368 3821 1482 3883 citatus

217 3942 281 3985 non
307 3921 496 4003 comparuit.

321 4028 399 4089 ltem
431 4028 622 4090 Valentinus
652 4030 802 4093 sacerdos
838 4044 947 4094 contra
980 4033 1096 4116 Jaklyn
1128 4033 1234 4117 primo
1265 4033 1380 4095 citatus
1415 4052 1481 4095 non

219 4133 407 4216 comparuit.

323 4239 403 4302 ltem
429 4260 521 4302 causa
547 4242 711 4304 Valentini
743 4256 853 4306 contra
887 4245 1122 4326 Margaretham
1147 4245 1188 4307 ad
1220 4259 1369 4307 octavum
1394 4244 1481 4307 diem

217 4345 256 4407 ad
281 4365 394 4428 pacem
419 4360 465 4407 cst
489 4361 624 4429 recepta.

322 4452 400 4514 ltem
426 4453 549 4535 Symon
571 4451 656 4515 filius
682 4454 875 4539 Chepernya
898 4470 1009 4519 contra
1037 4456 1219 4519 lohannem
1243 4455 1344 4519 filium
1370 4456 1482 4519 militis

218 4558 321 4640 primo
346 4559 459 4621 citatus
484 4579 549 4620 non
573 4561 762 4642 comparuit.

322 4664 401 4726 ltem
434 4665 587 4727 Scitarich
620 4680 730 4729 contra
763 4668 928 4732 Vrbanum
961 4668 1159 4731 aurifabrum
1195 4669 1337 4732 secundo
1369 4670 1483 4731 citatus

218 4790 283 4832 uon
308 4773 497 4854 comparuit.

1336 4883 1375 4946 ²3
