3404 5362
309 353 374 415 304
714 331 801 388 Anno
823 326 919 406 1389.
946 363 985 371 —
1005 343 1062 406 50.
1078 329 1163 405 julii.

1288 432 1570 440 —..——-

415 545 493 606 item
518 563 611 606 causa
636 542 711 603 lvan
744 554 852 603 contra
879 539 1078 623 Stephanum
1112 559 1214 621 usque
1247 539 1386 621 primum
1420 537 1572 616 judicium

310 666 356 715 est
378 665 560 734 prorogata.

416 756 493 818 item
519 756 637 818 Paulus
660 769 775 818 octavo
799 754 851 815 die
876 753 964 815 aolus
993 770 1150 834 supereo
1183 750 1311 832 jurabit,
1335 749 1424 830 quod
1451 747 1576 809 Samlar

312 882 371 946 pro
395 861 535 945 quadam
560 881 711 923 crumena
735 880 832 923 unam
859 878 999 921 marcam
1023 857 1230 919 denariorum
1247 875 1311 917 non
1338 855 1470 937 recepit.

415 967 493 1029 Item
518 968 672 1030 Nicolaus
696 966 811 1029 Kouch
834 980 948 1028 octavo
966 965 1018 1026 die
1042 963 1184 1026 secundo
1206 983 1239 1024 se
1263 981 1358 1045 auper
1382 981 1422 1023 eo
1447 960 1576 1042 jurabit,

310 1076 397 1157 quod
423 1075 490 1157 ipse
516 1093 647 1136 uxorem
675 1073 773 1135 Marci
799 1092 863 1135 non
889 1071 1079 1135 verberavit.

417 1181 496 1243 Item
521 1181 640 1242 Paulus
664 1193 752 1242 sutor
777 1193 891 1241 octavo
909 1178 960 1239 die
981 1178 1080 1240 tercio
1105 1197 1138 1240 se
1162 1195 1315 1259 supereo
1340 1173 1470 1256 jurabit,
1489 1172 1576 1255 quod

311 1289 377 1370 ipse
403 1288 524 1370 palium
551 1287 649 1348 Lucie
674 1306 739 1349 nou
763 1285 978 1348 subtraxisset.

417 1394 497 1456 Item
521 1395 639 1455 Katrea
659 1393 775 1454 mulier
792 1405 906 1454 octavo
931 1391 982 1452 die
999 1391 1098 1453 tercio
1115 1411 1149 1452 se
1172 1410 1268 1472 super
1285 1409 1324 1451 eo
1341 1387 1471 1467 jurabit,
1490 1385 1577 1467 quod

311 1501 378 1583 ipsa
403 1499 566 1582 quandam
591 1501 720 1560 bursam
745 1499 846 1560 Marte
870 1498 1014 1559 mulieris
1038 1516 1102 1558 non
1128 1496 1307 1559 abcidisset.

416 1605 493 1667 Item
512 1606 647 1687 Egidius
671 1618 761 1667 sutor
783 1604 882 1666 tercio
907 1624 939 1665 ae
963 1623 1059 1686 super
1075 1623 1114 1664 eo
1139 1602 1266 1684 jurabit,
1291 1601 1379 1683 quod
1404 1600 1473 1682 ipse
1499 1598 1577 1660 nihil

312 1713 414 1774 Paulo
437 1712 537 1774 sutori
561 1711 775 1774 subtraxisset.

391 1930 486 2005 Ferit
515 1941 613 2003 sexta
641 1932 797 2020 proxima
825 1939 901 2020 post
930 1931 1054 2002 festum
1082 1933 1172 2002 beati
1199 1930 1317 2020 Jacobi
1347 1929 1508 2018 apostoli.

851 2081 917 2162 (50.
934 2082 1039 2161 julii).

417 2225 495 2287 item
531 2226 727 2288 Laurencius
761 2238 850 2287 sutor
884 2238 994 2287 contra
1030 2226 1187 2287 iacobum
1220 2225 1324 2306 primo
1364 2224 1481 2286 citatus
1515 2243 1579 2285 non

313 2332 504 2414 comparuit.

421 2438 497 2501 item
517 2439 663 2500 Andreas
679 2452 788 2500 contra
807 2437 1000 2519 Gregorium
1017 2437 1159 2499 secundo
1177 2436 1290 2498 citatus
1307 2455 1370 2497 non
1389 2436 1581 2518 comparuit.

419 2545 497 2605 Item
524 2544 659 2606 Michael
684 2557 793 2606 contra
818 2542 911 2605 Cifus
935 2544 1039 2626 primo
1071 2543 1183 2605 citatus
1208 2562 1273 2603 non
1298 2543 1490 2624 comparuit.

420 2650 497 2711 Item
530 2650 642 2711 Petrus
672 2650 831 2731 gladiator
863 2664 972 2713 contra
1005 2649 1169 2712 Thomam
1205 2649 1310 2731 primo
1351 2648 1467 2710 citatus
1516 2667 1579 2709 non

315 2756 505 2838 comparuit.

422 2861 499 2922 Item
525 2860 708 2922 anthonius
743 2862 866 2924 Jursicb
899 2876 1010 2925 contra
1035 2863 1164 2924 Petrum
1196 2863 1356 2924 literatum
1388 2860 1581 2923 secundario

316 2969 431 3030 citatus
455 2986 520 3028 non
545 2967 736 3050 comparuit.

421 3073 498 3134 item
524 3073 635 3135 Petrus
659 3073 759 3136 decan
783 3088 893 3137 contra
918 3076 1127 3139 Dominicum
1151 3075 1341 3139 secundario
1366 3075 1482 3138 citatus
1516 3095 1578 3137 non

315 3179 505 3262 comparuit.

421 3285 500 3347 {tem
525 3285 723 3366 Dragoziaus
747 3301 855 3348 contra
882 3288 1010 3350 Petrum
1034 3290 1140 3371 primo
1157 3290 1271 3351 citatus
1294 3309 1360 3352 non
1387 3290 1579 3372 comparuit.

421 3393 499 3454 item
531 3413 625 3454 causa
658 3393 807 3475 Gregorii
841 3408 950 3457 contra
982 3395 1162 3458 iohannem
1195 3396 1338 3479 Zagorch
1370 3416 1474 3478 usque
1508 3411 1580 3459 octo

316 3501 386 3563 dies
409 3500 448 3561 ad
474 3519 585 3582 pacem
611 3513 657 3561 est
680 3515 816 3582 recepta.

423 3606 500 3668 item
533 3626 626 3668 causa
659 3607 743 3669 Petri
776 3623 883 3670 contra
916 3608 1039 3671 Jursich
1072 3628 1173 3692 usque
1205 3623 1278 3672 octo
1311 3610 1380 3673 dies
1403 3609 1444 3671 ad
1469 3630 1580 3693 pacem

248 3754 250 3759 «
319 3725 365 3775 est
389 3725 525 3794 recepta.

426 3818 504 3880 item
530 3820 706 3901 Agustinus
722 3821 870 3882 sacerdos
894 3835 1003 3883 contra
1021 3823 1232 3886 Benedictum
1249 3824 1355 3906 primo
1379 3824 1494 3886 citatus
1518 3844 1582 3887 non

319 3937 507 4006 comparuit.

424 4031 502 4092 item
528 4031 709 4114 Stephanus
726 4033 750 4094 F
754 4037 851 4096 ernak
875 4049 985 4098 contra
1003 4035 1128 4098 Jursich
1144 4037 1249 4119 primo
1272 4037 1386 4100 citatus
1410 4056 1476 4098 non
1495 4057 1584 4100 com·

320 4151 436 4220 paruit.

427 4245 504 4306 ltem
537 4265 631 4306 causa
664 4247 827 4309 Kuskonis
862 4262 971 4311 contra
1006 4251 1177 4312 Lucasium
1210 4269 1310 4332 usque
1344 4265 1418 4314 octo
1443 4252 1513 4315 dies
1544 4253 1584 4315 ad

319 4370 431 4433 pacem
457 4365 504 4412 est
527 4366 663 4432 recepta.

426 4456 505 4518 Item
536 4478 630 4519 causa
662 4459 803 4521 Simonis
835 4475 943 4523 contra
977 4462 1032 4524 Sib
1066 4483 1167 4544 usque
1199 4476 1272 4525 octo
1304 4463 1373 4526 dies
1404 4463 1444 4525 ad
1469 4484 1583 4547 pacem

320 4574 367 4624 est
395 4576 532 4645 recepta.

426 4668 503 4731 item
536 4669 708 4753 Dragonya
740 4685 828 4734 sutor
860 4673 1007 4735 Dionisio
1038 4695 1140 4756 usque
1173 4675 1354 4757 quindenas
1384 4697 1439 4741 aex
1464 4698 1587 4743 marcas

320 4773 443 4836 solvere
468 4775 573 4838 debet.
