3404 5362
395 360 455 422 180
787 360 874 419 Anno
896 356 987 437 1382.
1010 394 1055 404 -
1077 375 1128 439 24.
1145 363 1242 438 junii.

497 574 576 635 Item
600 592 694 634 causa
719 572 865 635 Barnabe
889 571 1064 634 sacerdotis
1087 584 1197 634 contra
1226 570 1407 634 Fabianum
1432 573 1592 635 literatum
1611 572 1643 633 sd

391 696 539 742 octavum
565 679 652 740 diem
676 679 717 740 ad
741 699 851 761 pacem
876 692 924 741 est
947 691 1084 761 recepta.

497 786 575 848 ltem
599 786 753 847 Nicolaus
785 798 895 847 contra
927 785 1057 850 Petrum
1088 783 1289 867 Machlroych
1316 784 1422 866 primo
1456 785 1570 847 citatus
1591 802 1646 846 non

391 893 581 976 comparuit.

495 998 573 1060 ltem
607 997 763 1060 Martinus
794 997 950 1080 Zekyrich
989 1010 1099 1060 contra
1131 995 1345 1059 Laurentium
1380 995 1522 1077 juratum
1555 997 1648 1078 primo

391 1105 503 1166 citatus
527 1124 593 1166 non
619 1103 809 1186 comparuit.

496 1210 575 1273 ltem
600 1209 781 1293 Stephanus
803 1208 964 1273 Pecohleb
1000 1221 1150 1289 exparte
1181 1208 1289 1270 uxoris
1321 1226 1377 1269 sue
1403 1208 1555 1271 Emerico
1579 1209 1649 1290 lapi·

390 1317 460 1378 cide
484 1335 586 1398 usque
610 1329 684 1378 octo
708 1316 777 1377 dies
799 1313 980 1377 satisfacere
1006 1313 1110 1392 debet,
1134 1327 1169 1374 ut
1191 1314 1375 1395 assumpsit.

496 1423 574 1484 ltem
588 1423 747 1484 Martinus
759 1421 914 1504 Zelryrich
928 1433 1040 1482 contra
1054 1421 1219 1482 Martonos
1235 1432 1350 1481 octavo
1367 1419 1420 1481 die
1437 1420 1650 1503 respondebit.

496 1530 574 1592 ltem
598 1529 747 1591 Vrbanus
770 1542 859 1590 sutor
882 1542 992 1589 contra
1021 1526 1215 1608 Gregorium
1246 1525 1366 1608 Angeli
1391 1540 1507 1589 octavo
1533 1527 1585 1589 die
1608 1547 1651 1588 re-

389 1638 571 1720 spondebit.

495 1743 573 1804 ltem
597 1743 687 1803 Hans
712 1739 790 1803 Scoi
818 1753 927 1801 contra
961 1738 1090 1802 Gerdak
1120 1757 1282 1801 cursorem
1308 1738 1409 1799 tercio
1440 1738 1557 1800 citatus
1592 1757 1651 1799 non

389 1849 578 1931 comparuit.

495 1955 573 2016 ltem
606 1951 782 2035 Gregorius
811 1951 896 2014 filius
927 1950 1082 2014 iohannis
1113 1965 1222 2013 contra
1254 1952 1427 2014 Nicolaum
1464 1949 1652 2014 Gerbauech

387 2061 487 2123 tercio
512 2062 625 2122 citatus
648 2079 713 2121 non
738 2059 929 2140 comparuit.

495 2168 573 2229 Item
597 2187 691 2228 causa
716 2166 812 2227 Blasii
837 2163 989 2227 aurifabri
1013 2177 1123 2226 contra
1154 2164 1323 2227 Marenum
1352 2163 1492 2226 condam
1515 2163 1652 2244 juratum

387 2276 428 2336 ad
452 2289 602 2337 octavum
627 2271 713 2335 diem
737 2272 778 2334 ad
803 2290 914 2354 pacem
940 2284 986 2333 est
1010 2283 1147 2352 recepta.

494 2382 573 2442 Item
598 2378 757 2441 Cristinus
789 2377 993 2439 Teutonicus
1024 2376 1151 2438 mulieri
1183 2375 1318 2457 Agnetis
1346 2395 1448 2457 usque
1474 2376 1652 2458 quindenas

387 2506 446 2569 pro
481 2487 687 2568 percussione
723 2505 779 2547 sua
814 2503 911 2546 unam
948 2501 1088 2544 marcam
1124 2481 1247 2544 solvere
1284 2482 1399 2559 debet,
1431 2494 1463 2544 et
1496 2483 1652 2564 quosdam

388 2591 622 2673 quinquaginta
647 2591 796 2653 denarios
818 2591 982 2652 restituere
1007 2589 1113 2651 debet.

494 2697 571 2758 ltem
597 2698 700 2758 Lucas
723 2696 808 2759 filius
840 2695 1004 2771 lobannis,
1029 2694 1157 2757 Mathee
1188 2707 1220 2756 et
1249 2693 1426 2776 Gregorius
1457 2693 1572 2758 fratres
1595 2697 1652 2775 sui,

387 2801 472 2864 lwan
496 2801 565 2864 filio
589 2803 714 2864 Nicolai
731 2822 789 2886 pro
806 2802 1011 2885 percussione
1033 2821 1089 2863 sua
1106 2800 1243 2883 quilibet
1258 2820 1371 2863 eorum
1395 2820 1496 2864 unam
1513 2821 1652 2865 marcam

386 2909 510 2970 solvere
535 2909 640 2988 debet,
665 2923 697 2972 et
719 2928 778 2992 pro
802 2907 885 2971 facto
909 2906 1057 2990 potencie
1080 2906 1178 2987 judici
1202 2920 1235 2970 et
1255 2905 1366 2987 juratis
1387 2907 1527 2972 solvent.

492 3014 572 3076 Item
596 3015 730 3097 predicti
756 3015 869 3093 Lucas,
894 3013 1004 3076 Mathe
1036 3026 1068 3076 et
1090 3011 1266 3092 Gregorius
1296 3013 1435 3094 quilibet
1462 3034 1579 3077 eorum
1602 3035 1653 3077 oc·

386 3135 461 3182 tavo
485 3119 537 3183 die
561 3121 660 3183 tercio
683 3141 716 3183 se
740 3120 892 3202 jurabunt
916 3140 1013 3203 super
1037 3140 1088 3198 eo,
1116 3119 1206 3202 quod
1229 3120 1290 3202 ipsi
1323 3119 1410 3184 Iwan
1435 3121 1536 3183 nullis
1560 3124 1652 3185 rebus

386 3246 443 3288 seu
465 3227 665 3289 vestimentis
687 3228 890 3311 spoliassent.

492 3332 570 3395 ltem
595 3333 684 3415 quod
708 3335 783 3416 quia
809 3333 969 3416 Georgius
992 3332 1078 3395 filius
1102 3334 1191 3395 Norlr
1218 3331 1377 3414 quosdam
1399 3346 1497 3396 testes
1520 3354 1599 3397 suos
1621 3335 1652 3396 in

385 3458 436 3516 eo,
461 3439 550 3520 quod
574 3439 641 3520 ipse
666 3440 698 3501 in
723 3439 863 3521 quadam
888 3440 988 3501 domo
1012 3458 1068 3522 per
1093 3438 1198 3521 ipsum
1227 3437 1359 3501 vendita
1382 3458 1439 3521 per
1460 3451 1527 3502 tres
1551 3460 1652 3502 annos

386 3563 515 3606 manere
539 3544 681 3624 deberet,
696 3559 833 3607 statuere
850 3546 971 3608 debens
991 3564 1057 3607 non
1074 3545 1183 3608 statuit
1198 3557 1234 3607 ut
1249 3545 1398 3624 debebat,
1423 3544 1499 3608 ideo
1522 3565 1652 3609 causam

384 3668 476 3711 suam
499 3649 649 3731 perdidit.

491 3755 570 3818 ltem
595 3757 711 3819 mulier
732 3757 987 3837 Agustinouicha
1004 3772 1114 3820 contra
1138 3757 1317 3840 Georgium
1333 3771 1488 3821 sartorem
1508 3758 1652 3822 secundo

385 3861 479 3925 citata
502 3882 568 3924 non
593 3864 784 3946 comparuit.

383 4078 481 4154 laria
499 4083 607 4155 tercia
625 4081 782 4155 videlicet
810 4085 844 4154 in
872 4082 959 4155 festo
979 4083 1178 4157 llativltatls
1205 4084 1463 4175 beatijohanuls
1482 4084 1650 4176 Baptiste

923 4237 990 4315 (24.
1022 4238 1121 4306 sanis).

489 4374 590 4438 Notal
615 4377 704 4457 quod
728 4395 802 4438 cum
819 4395 899 4438 uxor
916 4376 1050 4458 Georgii
1075 4376 1222 4460 Sydouin
1239 4377 1273 4440 in
1290 4377 1429 4461 presenti
1453 4374 1534 4440 feria
1552 4378 1651 4441 tercia

384 4478 620 4561 quinquaginta
644 4481 837 4543 concivissas
859 4495 997 4545 statuere
1022 4497 1053 4545 et
1076 4502 1150 4545 cum
1173 4484 1287 4567 viginti
1314 4484 1472 4568 quinque,
1495 4503 1578 4567 quas
1594 4485 1649 4546 do·

384 4584 471 4646 mina
495 4603 627 4646 consors
651 4586 804 4668 Stephani
829 4587 905 4651 dicti
929 4588 1097 4673 Mylogled
1120 4590 1263 4672 eligeret,
1287 4610 1447 4673 supereo
1471 4589 1579 4672 jurare
1596 4590 1649 4654 de-

383 4689 515 4769 buisset,
540 4690 629 4772 quod
653 4693 720 4774 ipsa
744 4711 876 4755 consors
907 4694 1061 4776 Stephani
1085 4695 1202 4758 mulier
1232 4694 1379 4759 malefica
1404 4710 1435 4759 et
1459 4696 1648 4760 incantatrix

384 4792 497 4873 luerit3
520 4795 651 4859 tandem
675 4797 745 4880 ipso
768 4798 907 4861 termino
931 4814 1117 4863 occurrente
1148 4800 1291 4882 predicta
1323 4820 1406 4864 uxor
1430 4799 1568 4886 Georgii
1591 4803 1647 4886 Sy·
