3404 5362
348 404 411 464 244
752 388 839 445 Almo
861 383 952 463 1385.
979 419 1020 429 -
1042 400 1090 446 21.
1108 387 1192 462 julii.

347 610 462 676 matus,
487 596 528 658 ad
559 596 715 678 judicium
748 616 813 658 non
837 598 925 658 venit
954 596 1113 674 terciario,
1143 597 1218 658 ideo
1249 596 1448 677 ubicumque
1472 597 1506 658 in
1532 596 1610 657 dicta

346 702 474 763 civitate
499 716 530 763 et
560 703 629 763 eius
660 702 820 764 territorio
852 702 990 764 inveniri
1022 716 1053 764 et
1085 703 1216 785 reperiri
1246 703 1375 785 poterit,
1398 716 1477 764 tunc
1511 704 1610 785 capite

345 807 442 891 plecti
466 821 497 870 et
521 808 561 868 de
585 808 655 890 ipso
678 808 764 889 juxta
788 808 1054 870 consvetudlnem
1070 809 1207 870 civitatis
1231 808 1372 870 vindicta
1396 823 1608 890 aumpmatur.

452 914 529 975 Item
565 914 654 995 quod
689 914 764 996 quia
796 914 881 976 lwan
913 913 998 976 filius
1028 915 1114 976 lwan
1143 916 1184 976 de
1216 915 1413 977 Brezouicha
1453 915 1608 996 vigesimo

346 1021 460 1103 quinto
485 1040 517 1082 se
542 1021 730 1083 concivibus
746 1021 958 1102 prescriptum
983 1040 1077 1082 suum
1093 1020 1310 1101 juramentum
1326 1040 1424 1102 super
1447 1040 1499 1100 eo,
1524 1021 1611 1102 quod

345 1128 412 1208 ipse
445 1125 623 1207 Georgium
656 1125 759 1187 filium
792 1125 970 1209 Myebaelis
1001 1140 1173 1209 anepotem
1205 1125 1356 1189 videlicet
1383 1127 1510 1188 domini
1545 1129 1612 1209 My·

345 1233 464 1294 chaelis
488 1233 630 1315 episcopi
656 1232 865 1315 Scardyensis
890 1251 956 1294 non
980 1230 1186 1310 interfecerit,
1219 1252 1325 1314 neque
1350 1252 1424 1294 cum
1449 1253 1509 1294 suo
1534 1235 1613 1295 scitu

346 1353 376 1401 et
400 1339 553 1400 mandato
580 1339 646 1420 ipse
672 1337 834 1420 Georgius
863 1337 1049 1400 interfectus
1080 1336 1186 1415 luerit,
1218 1353 1327 1399 contra
1353 1338 1470 1420 Dwym
1496 1355 1527 1400 et
1552 1340 1612 1400 Lu·

345 1446 466 1507 casium
490 1444 574 1506 filios
599 1445 674 1506 dicti
700 1443 877 1528 Mychaelis
901 1464 937 1505 ac
962 1444 1126 1526 Dyiudato
1144 1443 1327 1525 proximum
1353 1443 1454 1525 ipsius
1479 1443 1611 1525 Georgii

343 1570 380 1613 ac
403 1550 485 1612 alios
508 1551 676 1611 universos
699 1549 811 1612 fratres
837 1564 868 1611 et
891 1564 1046 1630 cognatos
1063 1549 1161 1631 ipsius
1186 1547 1319 1629 Georgii
1345 1562 1379 1609 ut
1403 1549 1544 1611 debebat
1560 1550 1611 1610 de·

343 1658 462 1740 posuit,
477 1658 550 1719 ideo
565 1658 670 1739 ipsum
683 1656 768 1717 lwan
785 1676 881 1738 super
895 1655 1037 1738 predicta
1054 1655 1305 1737 interempcione
1319 1656 1465 1718 annotati
1481 1655 1612 1737 Georgii

344 1764 544 1826 reddidimus
569 1777 600 1825 et
623 1763 843 1824 commisimus
868 1763 1053 1845 expeditum
1078 1776 1109 1824 et
1133 1781 1190 1845 per
1213 1762 1323 1824 omnia
1347 1762 1546 1826 absolutum.

449 1967 632 2037 Sabbatum
660 1967 852 2053 proximum
884 1971 962 2053 post
985 1964 1108 2036 festum
1135 1974 1253 2037 sancte
1281 1965 1508 2053 Margaretbe.

890 2113 954 2194 (15.
970 2118 1069 2192 julii).

453 2258 530 2319 Item
555 2258 678 2338 antiqui
703 2256 825 2338 judices
849 2276 978 2318 causam
1001 2256 1088 2318 lwlto
1112 2255 1169 2318 filii
1194 2256 1285 2318 Banlt
1310 2256 1351 2318 ita
1375 2255 1612 2338 judicaverunt,

344 2365 433 2447 quod
459 2363 543 2426 idern
571 2364 657 2424 lwko
681 2377 795 2424 octavo
819 2362 872 2423 die
896 2363 995 2424 tercio
1020 2382 1052 2423 se
1081 2362 1268 2424 concivibus
1299 2381 1396 2445 super
1421 2382 1460 2423 eo
1486 2363 1612 2445 jurabit,

344 2470 433 2551 quod
458 2469 547 2529 Hans
573 2469 758 2531 Carintinus
774 2469 834 2530 sibi
859 2468 973 2549 viginti
989 2489 1044 2529 sex
1060 2468 1175 2530 marcis
1199 2468 1405 2530 denariorum
1431 2482 1463 2530 et
1488 2471 1613 2532 duabus

343 2576 450 2657 pensis
475 2575 601 2636 debitor
627 2574 721 2637 fuerit
745 2590 775 2636 et
798 2574 896 2636 nichil
922 2574 961 2636 de
986 2575 1108 2636 eisdem
1132 2575 1298 2657 receperit.

451 2681 527 2742 Item
554 2701 681 2741 causam
705 2681 825 2742 Vrbani
850 2695 881 2741 et
905 2680 1035 2742 domine
1065 2681 1166 2742 Borce
1191 2681 1233 2742 ita
1257 2681 1496 2762 judicaverunt,
1522 2682 1609 2764 quod

344 2786 419 2868 quia
444 2785 577 2866 quidam
603 2786 726 2866 antiqui
752 2786 873 2866 judices
897 2786 1015 2848 dictam
1035 2786 1120 2847 viam
1145 2786 1305 2865 viderunt,
1331 2787 1405 2849 ideo
1430 2789 1612 2869 quemlibet

343 2891 559 2973 predictorum
587 2891 704 2951 Vrbani
732 2905 762 2952 et
783 2893 883 2953 Borce
909 2893 940 2952 in
957 2892 1058 2953 tribus
1082 2893 1188 2974 pensis
1204 2891 1404 2955 decreverint
1432 2895 1609 2956 convictos.

396 3111 493 3185 Feria
521 3123 619 3185 sexta
648 3117 802 3202 proxima
831 3106 928 3204 post*
956 3115 1082 3185 festum
1109 3115 1219 3185 sancti
1246 3113 1367 3202 Jacobi
1396 3117 1556 3204 apostoli.

886 3272 946 3345 (21.
962 3270 1061 3344 julia).

451 3406 528 3467 ltem
553 3407 688 3468 Mathias
712 3409 849 3469 condam
872 3409 993 3489 juratus
1015 3428 1072 3490 per
1095 3421 1259 3469 consortes
1282 3406 1407 3469 Alberti
1433 3421 1466 3470 et
1491 3409 1610 3488 Mathe,

342 3514 459 3575 sutoris
484 3513 552 3573 Flic
585 3514 735 3576 videlicet
764 3515 892 3577 Thome
925 3514 1036 3576 decani
1068 3513 1129 3576 hoc
1162 3513 1320 3593 atestabit,
1351 3513 1440 3595 quod
1466 3516 1608 3596 quedam

342 3618 453 3680 clamis
483 3619 590 3700 puelle
615 3640 671 3680 seu
695 3622 847 3683 servitrici
881 3621 1009 3682 Thome
1041 3620 1242 3702 calcaripatis
1275 3620 1316 3681 ad
1351 3622 1611 3684 conservandum

341 3726 573 3807 assumpsisset.

449 3831 526 3891 ltem
551 3831 637 3891 lwan
671 3833 821 3914 Loytrich
853 3853 910 3914 per
941 3832 1120 3894 Johannem
1145 3831 1247 3894 lilium
1281 3833 1365 3893 Petri
1390 3845 1422 3894 et
1446 3833 1609 3897 lanchech

341 3934 539 3997 aurifabrum
565 3951 595 3997 et
620 3936 755 3998 Cursam
779 3939 841 3999 hoc
866 3939 1013 4000 atestabit
1036 3952 1149 3999 octavo
1182 3937 1245 4017 die,
1269 3938 1358 4020 quod
1383 3938 1510 4020 Symon
1538 3943 1611 4003 sali·

342 4061 422 4103 vena
448 4042 604 4122 quasdam
630 4042 735 4104 literas
754 4044 894 4125 Capituli
919 4063 1015 4125 super
1032 4043 1170 4125 quadam
1189 4044 1283 4106 vinea
1307 4044 1382 4106 dare
1399 4047 1610 4127 promisisset.

448 4147 525 4209 Item
551 4148 712 4210 lohannes
736 4149 924 4232 Bozoulych
948 4163 1059 4212 contra
1084 4149 1264 4212 Fabianum
1289 4151 1394 4234 primo
1410 4151 1530 4215 citatus
1546 4174 1612 4217 non

341 4254 532 4334 comparuit.

448 4360 526 4420 Item
544 4380 637 4421 causa
663 4360 777 4440 judicis
794 4377 824 4423 et
842 4363 1044 4444 Lipouschalt
1062 4376 1171 4424 contra
1189 4362 1369 4426 Johannem
1394 4364 1611 4430 Denadouich

341 4463 381 4525 ad
406 4480 555 4526 octavum
581 4466 668 4527 diem
692 4466 731 4527 ad
756 4487 868 4550 pacem
895 4483 940 4529 est
964 4482 1100 4550 recepta.

447 4570 525 4631 ltem
559 4591 653 4632 causa
687 4571 835 4653 Gregorii
868 4574 1011 4635 Pondicb
1044 4588 1153 4636 contra
1186 4575 1353 4637 Marenum
1383 4575 1423 4638 ad
1457 4592 1610 4641 octavum

340 4676 426 4737 diem
452 4676 492 4737 ad
516 4697 627 4758 pacem
653 4693 699 4739 est
727 4694 864 4760 recepta.

445 4851 457 4877 ¹*
477 4852 592 4916 corrig:
611 4862 679 4905 ante.
