3404 5362
498 375 698 450 Ann01377.
723 408 763 416 -
788 385 836 451 17.
852 376 937 451 J'ulri'.
1310 395 1351 456 99

102 480 158 486 —-..-
171 480 485 487 --.-—-——..-...-.-
926 482 1094 489 ——.

121 625 213 700 Feria
240 637 340 701 sexta
368 632 521 719 proxima
551 638 629 701 ante
655 629 779 702 festum
808 631 902 702 beate
930 631 1143 720 Margaratha
1170 633 1325 720 virginis.

627 781 693 862 (10.
709 782 811 865 siclis).

190 923 300 985 Primo
325 944 418 986 causa
448 924 568 986 Cosme
601 924 753 987 aurifabri
785 938 816 987 et
839 925 971 1008 Georgii
997 925 1181 1008 calcaripari
1214 938 1260 988 est
1292 945 1350 1009 per

93 1041 178 1091 testes
202 1030 242 1090 ad
267 1030 409 1112 primum
434 1030 591 1112 judicium
615 1045 786 1113 prorogata
811 1045 841 1093 et
865 1046 990 1115 recepta
1015 1033 1054 1094 ad
1081 1052 1202 1115 pacem.

189 1136 268 1198 ltem
293 1136 475 1218 Stephanus
494 1137 639 1199 Pundich
665 1154 774 1200 contra
799 1137 893 1200 loian
917 1140 1022 1221 primo
1047 1139 1159 1201 citatus
1180 1158 1245 1201 non
1264 1158 1351 1201 com·

92 1256 198 1323 paruit.

186 1350 264 1412 Item
290 1370 384 1412 causa
410 1350 566 1413 Johannis
591 1351 666 1414 dicti
685 1351 849 1414 Chemerii
874 1367 905 1414 et
921 1353 1020 1414 Marci
1045 1351 1102 1414 filii
1122 1352 1282 1415 Leonardi
1300 1365 1347 1415 est

90 1470 153 1536 post
178 1458 354 1520 adventum
379 1458 504 1520 domini
529 1458 740 1521 Provincialis
761 1459 799 1520 ad
819 1461 957 1541 primum
984 1460 1140 1540 judicium
1164 1473 1345 1542 prorogata.

187 1583 265 1645 Item
291 1603 384 1645 causa
402 1584 534 1645 textoris
558 1598 588 1645 et
606 1583 739 1665 Georgii
764 1584 880 1646 literati
898 1598 944 1645 est
960 1605 1016 1667 per
1039 1598 1132 1647 testes
1149 1584 1188 1646 ad
1206 1585 1347 1666 primum

90 1686 238 1768 judicium
262 1702 388 1771 recepta
413 1689 453 1751 ad
478 1709 600 1772 pacem.

186 1796 262 1858 ltem
288 1797 473 1858 Anthonius
497 1796 677 1880 Zytharych
703 1796 839 1880 Mykech
871 1797 1007 1859 institori
1040 1797 1072 1859 in
1097 1797 1270 1878 quindenis
1293 1817 1347 1858 sex

87 1921 200 1964 marcas
224 1916 255 1965 et
278 1895 376 1964 unam
400 1917 517 1966 terram
542 1904 697 1966 arabilem
722 1904 886 1966 exsolvere
911 1903 1015 1967 debet.

185 2009 263 2071 Item
291 2008 393 2071 Cursa
418 2024 529 2071 contra
559 2010 759 2093 Stephanum
789 2011 888 2071 tercio
920 2011 1034 2072 citatus
1058 2030 1122 2072 non
1155 2010 1345 2092 comparuit.

184 2133 262 2195 Item
288 2134 443 2195 Salomon
468 2135 574 2216 primo
598 2134 720 2216 judicio
744 2154 801 2216 per
817 2135 994 2196 lwaninum
1013 2148 1043 2196 et
1065 2134 1262 2218 Kyrinichan
1280 2149 1346 2197 ate-

83 2240 173 2301 stabit
196 2260 293 2322 super
317 2260 366 2319 eo,
391 2240 479 2322 quod
504 2260 584 2302 uxor
608 2241 763 2302 Johannis
786 2261 877 2302 suam
902 2261 1034 2304 uxorem
1063 2240 1300 2323 vituperaverit.

185 2365 263 2427 Item
289 2385 383 2427 causa
407 2384 456 2426 scr
474 2365 638 2427 Benedicti
656 2379 687 2427 et
711 2370 804 2427 ,anne
825 2366 968 2427 mulieris
992 2380 1039 2428 est
1062 2386 1118 2447 per
1143 2365 1346 2428 Anthonium

82 2471 181 2533 Reniz
206 2472 244 2534 ad
271 2473 413 2554 primum
437 2471 593 2553 judicium
618 2488 744 2555 recepta
768 2474 808 2533 ad
833 2493 955 2554 pacem.

185 2596 263 2659 ltem
292 2597 367 2677 quia
389 2597 482 2658 Kuna
509 2609 539 2658 et
556 2616 636 2658 uxor
652 2597 851 2659 Nedelkonis
874 2610 947 2658 sunt
964 2616 1042 2679 pure
1060 2611 1182 2678 reperte
1207 2596 1239 2658 in
1257 2595 1343 2658 furtu

79 2716 109 2764 et
133 2717 262 2766 acusate
287 2704 512 2766 meritamento
537 2723 593 2785 per
620 2703 797 2782 Elizabeth,
815 2704 905 2765 cuius
922 2703 1064 2764 auricule
1089 2703 1208 2765 debent
1231 2703 1342 2782 incidi,

77 2823 107 2871 et
131 2824 218 2871 extra
242 2809 322 2892 pelli
354 2809 393 2870 de
418 2809 565 2885 civitate;
597 2809 685 2891 quod
717 2810 902 2890 ubicunque
939 2810 969 2870 in
995 2810 1113 2870 tenutis
1144 2808 1280 2870 civitatis
1304 2808 1344 2869 de

75 2928 185 2977 cetero
209 2915 400 2998 reprehense
424 2913 553 2994 fuerint,
577 2916 727 2997 suspendi
754 2915 918 2977 debebunt
942 2916 1085 2977 indilate.

185 3021 262 3083 Item
289 3022 473 3085 Alexander
495 3036 604 3084 contra
630 3022 696 3104 Syb
720 3023 825 3104 primo
850 3022 970 3103 judicio
995 3021 1211 3104 respondebit.

184 3128 261 3191 Item
287 3129 396 3191 Mathe
421 3144 529 3191 contra
554 3128 690 3191 Paulum
715 3130 857 3191 secundo
882 3130 995 3191 citatus
1020 3149 1084 3191 non
1110 3129 1299 3211 comparuit.

71 3363 174 3438 Feria
191 3375 288 3439 sexta
308 3369 463 3456 proxima
479 3376 554 3458 post
574 3367 697 3440 lestum
711 3369 895 3440 Divisionis
911 3368 1085 3440 beatorum
1101 3368 1344 3457 apostolorum.

621 3526 682 3598 (17.
697 3500 800 3598 julia).

185 3663 293 3725 Primo
326 3662 497 3726 Chuethko
529 3676 643 3725 octavo
673 3662 724 3723 die
757 3682 813 3744 per
845 3662 1073 3743 Dragozlaum‚
1098 3661 1279 3723 lohannem
1313 3676 1344 3723 et

72 3769 162 3833 lwan
188 3771 337 3831 atestabit
359 3789 453 3852 super
477 3789 527 3848 eo,
551 3769 639 3851 quod
655 3769 721 3851 ipse
746 3768 909 3849 quandam
926 3769 1096 3850 pecuniam
1121 3788 1178 3850 pro
1196 3768 1342 3830 iohanne

71 3875 291 3958 persolvisset.

182 3981 260 4044 Item
285 3981 439 4044 Nicolaus
463 3981 547 4044 iilius
563 3982 689 4044 Nicolai
714 3996 821 4044 contra
847 3981 986 4042 lwanam
1004 3981 1146 4063 puellam
1171 3980 1275 4062 primo
1300 3980 1342 4041 ci·

69 4103 159 4151 tatus
184 4108 248 4150 non
273 4089 463 4171 comparuit.

183 4195 261 4257 Item
291 4200 384 4257 Anna
416 4195 532 4258 mulier
563 4210 676 4257 octavo
708 4196 759 4256 die
792 4215 848 4277 per
878 4196 1025 4274 Petrum,
1059 4196 1206 4256 Maritum
1240 4192 1342 4254 filium

73 4301 212 4379 Gemez‚
230 4302 398 4363 dominam
416 4302 624 4363 Katherinam
642 4315 672 4363 et
688 4302 855 4363 Elizabeth
874 4302 962 4383 quod
981 4301 1142 4382 Georgius
1158 4299 1241 4362 lilius
1259 4300 1342 4360 lwan

70 4428 170 4470 suum
197 4407 333 4470 fundum
359 4409 418 4471 sibi
444 4409 615 4470 dimisisset
640 4423 670 4470 et
694 4409 883 4490 assignasset
908 4410 938 4470 in
965 4410 1049 4470 Rom
1078 4407 1253 4468 existendo.

183 4533 261 4595 ltem
286 4533 399 4596 Petrus
431 4547 461 4595 et
491 4554 567 4595 suus
598 4533 722 4595 vicinus
754 4547 863 4595 contra
889 4532 1086 4594 Peterlinum
1119 4532 1223 4613 primo
1255 4530 1341 4592 citati

71 4660 142 4706 non
168 4654 428 4723 comparuerunt.

182 4748 259 4810 ltem
285 4748 432 4809 Donatus
448 4747 585 4808 condam
611 4745 704 4827 judex
723 4759 831 4808 contra
850 4745 1020 4806 Micusium
1039 4743 1175 4806 condam
1201 4740 1340 4821 judicem

70 4857 183 4942 primo
205 4855 320 4917 citatus
344 4873 409 4915 non
434 4853 623 4936 comparuit.
1221 4939 1237 4974 ᾳ
