3404 5362
389 353 445 413 182

797 355 884 412 Anno
907 350 1001 430 1382.
1026 387 1066 396 -
1090 366 1122 431 4.
1139 354 1226 430 julii.

490 564 567 625 Item
593 564 757 626 lohannes
780 563 898 646 figulus
921 578 1033 626 contra
1057 566 1229 627 Nicolaum
1254 582 1447 644 arcuparum
1472 563 1577 645 primo
1610 562 1649 623 ci·

382 683 467 731 tatus
491 690 556 732 non
582 671 773 752 comparuit.

490 795 569 856 ltem
599 797 738 857 lacobus
771 795 931 856 balniator
960 810 1070 857 contra
1101 795 1284 858 Corardum
1317 794 1423 876 primo
1448 794 1565 855 citatus
1588 812 1652 854 non

383 902 576 982 comparuit.

489 1006 567 1068 ltem
592 1008 764 1070 Valentius
788 1007 927 1086 Berend,
952 1008 1117 1070 Matheiko
1148 1007 1289 1070 carnifex
1313 1022 1344 1069 et
1368 1007 1530 1069 Martinus
1554 1021 1654 1068 sartor

383 1113 415 1173 in
441 1114 545 1194 primo
570 1113 690 1193 judicio
715 1115 878 1175 universas
902 1114 1009 1176 literas
1034 1115 1177 1196 ipsorum
1194 1128 1225 1175 et
1249 1115 1350 1176 eciam
1374 1114 1574 1191 testimonia,
1592 1131 1654 1195 que

383 1219 515 1281 meliora
541 1219 671 1296 habent,
696 1220 844 1281 exhibere
870 1234 900 1280 et
922 1221 1100 1302 producere
1125 1221 1254 1283 debent.

492 1342 570 1403 Item
603 1362 697 1404 causa
728 1342 882 1404 Johannis
914 1358 1024 1406 contra
1057 1342 1251 1425 Gregorium
1290 1343 1393 1406 filium
1426 1343 1584 1405 Johannis
1616 1344 1657 1405 ad

382 1447 522 1528 primum
547 1449 702 1527 judicium
726 1449 766 1509 ad
791 1469 903 1531 pacem
926 1464 972 1511 est
996 1465 1132 1533 recepta.

487 1555 564 1616 ltem
590 1556 735 1617 Thomas
752 1571 861 1617 contra
878 1558 1090 1619 Benedictum
1112 1559 1218 1639 primo
1242 1557 1356 1619 citatus
1373 1576 1440 1619 non
1457 1557 1653 1638 comparuit.

488 1660 565 1722 Item
590 1662 790 1743 Dragozlaus
813 1662 950 1724 condam
976 1663 1098 1743 juratus
1114 1663 1278 1745 quandam
1295 1662 1538 1725 fideiussionem
1565 1662 1655 1724 vide·

382 1766 455 1827 licet
480 1767 803 1847 quintumdimidium
828 1768 986 1830 florenum
1014 1784 1044 1831 et
1068 1770 1180 1831 decem
1205 1769 1335 1847 solidos,
1361 1789 1419 1851 pro
1437 1770 1559 1851 quibus
1584 1770 1652 1851 ipse

381 1892 399 1933 a
425 1873 548 1954 Kyrino
575 1888 605 1935 et
630 1874 772 1956 Georgio
797 1874 864 1936 lilio
889 1875 1019 1937 Thome
1052 1875 1219 1937 fideiussor
1243 1875 1364 1953 luisset,
1386 1876 1546 1936 Mauricio
1578 1893 1651 1956 per·

381 1979 477 2041 solvit
501 1981 596 2062 plene
621 1996 652 2042 et
675 1982 808 2062 integre.

488 2087 565 2149 ltem
585 2088 711 2149 Marcus
735 2087 819 2150 lilius
836 2089 971 2171 Mykech
997 2090 1028 2150 in
1047 2089 1151 2171 primo
1168 2088 1289 2170 judicio
1306 2089 1367 2150 hoc
1382 2088 1544 2165 atestabit‚
1563 2085 1650 2169 quod

383 2192 543 2275 Georgius
577 2194 760 2277 Blanchych
793 2195 968 2276 quemdam
1000 2214 1120 2276 equum
1152 2215 1227 2256 cum
1258 2195 1394 2276 pecunia
1435 2193 1512 2255 dicti
1551 2192 1647 2254 Marci

381 2315 607 2381 comparasset,
631 2315 661 2362 et
686 2300 747 2362 hoc
771 2320 827 2382 per
852 2302 1022 2362 Nicolaum
1048 2301 1218 2383 Delasych.

489 2425 565 2486 ltem
590 2425 675 2485 idem
701 2425 828 2486 Marcus
851 2445 908 2507 per
929 2426 1134 2487 Franciscum
1152 2425 1290 2487 condam
1313 2423 1451 2504 judicem
1479 2436 1509 2485 et
1536 2423 1646 2484 Mareu

382 2530 519 2592 condam
552 2531 690 2610 juratum
723 2534 755 2592 in
786 2532 891 2613 primo
923 2531 1043 2611 judicio
1076 2532 1136 2594 hoc
1167 2531 1333 2608 atestabit‚
1365 2530 1454 2612 quod
1486 2529 1647 2612 predictus

382 2633 543 2716 Georgius
567 2637 729 2716 quandam
755 2638 924 2718 pecuniam
949 2657 1040 2698 suam
1065 2658 1083 2699 a
1107 2638 1251 2720 predicto
1269 2630 1403 2699 Mareno
1427 2637 1594 2718 receperit,
1620 2647 1648 2696 et

382 2759 453 2801 cum
479 2742 591 2802 eadem
615 2743 752 2823 pecunia
776 2757 839 2804 tres
861 2745 960 2805 boves
985 2745 1108 2807 emerit.

487 2846 565 2909 ltem
591 2847 719 2910 Gerdak
744 2869 854 2910 cursor
883 2850 914 2910 in
945 2850 1051 2931 primo
1084 2849 1204 2930 judicio
1229 2868 1285 2932 per
1317 2847 1449 2910 Barthol
1475 2847 1648 2930 lapicidam

382 2965 412 3014 et
438 2954 524 3015 Mare
550 2953 610 3016 hoc
634 2956 793 3031 atestabit‚
823 2955 911 3037 quod
944 2957 1049 3038 ipsum
1076 2957 1166 3019 Hans
1190 2956 1269 3019 Scof
1290 2958 1322 3018 in
1356 2956 1456 3017 domo
1481 2975 1540 3017 sua
1564 2956 1647 3018 clau·

381 3060 456 3121 serit
481 3073 511 3121 et
535 3062 759 3126 vulneraverit.

488 3183 565 3245 ltem
591 3185 676 3247 idem
702 3186 829 3248 Gerdak
855 3188 1002 3251 similiter
1027 3191 1059 3250 in
1084 3189 1190 3272 primo
1209 3188 1331 3271 judicio
1356 3208 1412 3270 per
1436 3187 1547 3250 Endre
1573 3188 1647 3270 Sys,

381 3290 579 3373 Stephanum
605 3292 702 3354 Pazar
727 3307 758 3354 et
781 3294 882 3356 Vorih
906 3293 1040 3376 figulum
1066 3295 1126 3357 hoc
1149 3280 1307 3373 itestabit,
1333 3294 1424 3376 quod
1449 3294 1556 3375 ipsum
1574 3290 1650 3356 Scof

380 3396 469 3458 Hans
493 3399 552 3458 sub
577 3418 658 3479 pena
683 3398 794 3460 decem
819 3420 999 3462 marcarum
1024 3401 1202 3463 interficere
1226 3401 1391 3463 voluisset.

488 3503 565 3565 ltem
589 3503 742 3565 Nicolaus
767 3505 917 3567 Ribarich
951 3521 1059 3568 contra
1085 3506 1269 3590 Bedycham
1293 3508 1399 3587 primo
1432 3505 1548 3567 citatus
1583 3524 1647 3567 non

380 3609 570 3690 comparuit.

487 3715 564 3776 ltem
582 3735 677 3776 causa
702 3715 847 3778 Barnabe
872 3719 1045 3780 sacerdotis
1077 3733 1187 3780 contra
1213 3718 1393 3779 Fabianum
1417 3716 1583 3780 literatum
1607 3717 1646 3778 ad

378 3821 518 3903 primurn
545 3819 699 3901 judicium
723 3821 764 3882 ad
788 3842 900 3904 pacem
923 3837 969 3886 est
993 3839 1129 3907 recepta.

488 3945 566 4006 ltem
592 3965 685 4007 causa
711 3946 803 4008 Judei
837 3962 946 4008 contra
979 3949 1162 4031 Bedycham
1187 3949 1228 4010 ad
1260 3950 1401 4031 primum
1425 3948 1585 4030 iudicium
1608 3949 1647 4011 ad

378 4070 489 4132 pacem
515 4065 561 4112 est
584 4067 720 4135 recepta.

486 4158 564 4218 ltem
588 4157 756 4241 Philippus
780 4158 864 4221 lilius
882 4160 985 4222 Mauri
1010 4176 1120 4222 contra
1145 4162 1284 4223 Judeum
1312 4162 1417 4243 primo
1442 4161 1558 4224 citatus
1583 4182 1646 4224 non

378 4266 568 4347 comparuit.

486 4372 563 4433 ltem
588 4372 707 4433 Paulus
730 4373 832 4454 pictor
857 4373 888 4433 in
913 4375 1018 4455 primo
1052 4374 1171 4455 judicio
1203 4396 1259 4457 per
1284 4375 1495 4437 Salomonem
1520 4375 1646 4438 arestari

379 4477 484 4555 debet,
509 4478 597 4557 quod
622 4478 681 4538 sibi
707 4478 747 4540 de
772 4477 854 4540 facto
880 4480 975 4540 unius
999 4480 1120 4543 tunelle
1143 4481 1209 4542 vini
1234 4482 1315 4543 inter
1338 4479 1480 4543 eundem
1506 4481 1643 4543 Paulum

378 4596 409 4643 et
433 4582 625 4661 Johannem,
649 4583 688 4643 ad
713 4603 809 4665 quem
835 4605 868 4646 se
893 4585 958 4666 ipse
982 4600 1086 4668 partes
1111 4588 1351 4652 commiserunt.

484 4705 562 4767 ltem
588 4707 726 4769 lacobus
751 4708 875 4769 institor
900 4711 994 4772 Petro
1020 4711 1142 4774 famulo
1167 4713 1291 4774 Nicolai
1318 4713 1467 4776 Delasich
1492 4732 1552 4796 pro
1578 4713 1644 4774 vul·

378 4829 453 4872 nere
478 4831 537 4873 suo
561 4813 704 4893 plenarie
728 4814 875 4896 inpendit
900 4815 1166 4880 satisfaccionem.
