3404 5362
574 327 772 406 Ann01382.
796 361 837 371 -
861 323 916 387 28.
933 327 1094 403 februarii.
1418 321 1474 382 161

315 542 391 604 Item
418 541 528 604 Bartol
554 539 694 623 lapicida
719 553 830 601 contra
855 540 1011 600 Iacobum
1037 534 1208 618 pellificem
1232 534 1339 617 primo
1363 534 1481 596 citatus

208 669 275 711 non
301 647 490 728 comparuit.

318 754 396 815 Item
420 753 584 814 Barnabas
608 752 757 813 sacerdos
784 765 895 812 contra
927 749 1114 832 Philippum
1138 749 1244 832 prImo
1269 749 1383 811 citatus
1415 768 1482 810 non

211 860 402 942 comparuit.

317 964 394 1026 Item
420 961 566 1024 Thomas
598 962 816 1045 carpentarius
848 975 957 1022 contra
991 961 1171 1022 Johannem
1204 960 1345 1022 Chemer
1376 961 1484 1043 primo

210 1071 325 1133 citatus
353 1089 418 1130 non
443 1069 634 1149 comparuit.

318 1175 396 1236 Item
421 1194 517 1235 causa
541 1173 671 1236 Tbome
695 1171 753 1234 filii
775 1172 905 1234 Andree
930 1187 1040 1234 contra
1059 1171 1260 1254 Stephanum
1286 1171 1388 1234 lilium
1412 1174 1484 1255 My·

211 1281 332 1343 chaelis
356 1301 412 1361 per
437 1280 623 1360 judicesad
648 1293 799 1342 octavum
825 1279 910 1339 diem
936 1292 983 1339 est
1006 1293 1188 1360 prorogata.

318 1403 396 1465 Item
422 1403 562 1484 quedam
588 1404 682 1465 vInea
706 1403 789 1463 inter
813 1402 984 1463 Nicolaum
1009 1401 1125 1482 Angeli
1152 1415 1183 1462 et
1206 1401 1380 1463 Nicolaum
1405 1402 1484 1464 Hle·

211 1511 319 1592 bopek
344 1510 483 1590 litigiosa
508 1524 623 1572 octavo
647 1510 700 1570 die
725 1528 781 1591 per
806 1508 926 1587 juratos
950 1508 1047 1569 debet
1070 1507 1221 1568 estImari.

319 1615 396 1676 Item
422 1635 517 1676 causa
541 1614 679 1677 Dionisii
704 1613 761 1675 lilii
787 1614 895 1675 Endre
917 1627 1027 1675 contra
1051 1613 1219 1674 mulierem
1247 1613 1483 1693 Margaretham

212 1721 251 1781 ad
277 1733 428 1782 octavum
455 1721 542 1782 diem
566 1720 607 1781 ad
631 1740 744 1801 pacem
770 1733 816 1780 est
839 1732 1023 1801 prorogata.

323 1845 399 1905 Item
431 1845 520 1925 quod
551 1845 627 1926 quia
658 1845 785 1906 Marcus
813 1842 898 1905 lilius
922 1843 1058 1926 Mykech
1090 1842 1157 1904 lilio
1184 1841 1343 1903 Leonardi
1368 1842 1481 1923 vigimi

215 1951 360 2033 quiaque
386 1971 508 2012 marcas
532 1951 737 2012 denariorum
762 1951 894 2012 domiue
918 1954 1013 2011 Anne
1030 1949 1138 2010 relicte
1164 1949 1240 2011 dicti
1266 1948 1415 2031 Mykech,
1439 1949 1478 2009 de

214 2056 472 2138 possessionibus
496 2056 572 2117 dicti
596 2057 694 2138 patris
717 2056 765 2117 sui
790 2056 954 2137 persolvit,
978 2075 1066 2116 nunc
1089 2055 1165 2136 quia
1190 2055 1330 2136 quedam
1354 2074 1479 2136 posses·

213 2163 321 2223 siones
345 2162 477 2224 domine
502 2162 656 2244 Kabyche
680 2160 744 2223 filie
769 2161 868 2244 ipsius
885 2161 1022 2243 Mykech
1053 2161 1140 2242 apud
1165 2160 1336 2251 dominum
1361 2161 1475 2243 Myku·

214 2267 295 2328 sium
320 2265 422 2328 filium
448 2267 533 2328 lwan
558 2267 696 2329 condam
714 2267 853 2347 judicem
877 2281 952 2328 sunt
967 2280 1102 2349 reperte,
1127 2267 1201 2327 ideo
1219 2267 1286 2349 ipse
1312 2266 1480 2347 MykusIus

214 2373 357 2454 quinque
381 2392 504 2434 marcas
528 2373 586 2455 ipsi
613 2374 722 2434 Marco
747 2393 848 2454 usque
873 2374 1054 2454 quindenas
1077 2374 1202 2434 solvere
1228 2372 1354 2434 debeat.

321 2496 398 2558 Item
424 2496 584 2558 lanchech
609 2512 710 2559 sartor
734 2512 849 2559 octavo
874 2497 926 2558 die
950 2497 1092 2559 secundo
1109 2516 1143 2558 se
1168 2516 1262 2577 super
1287 2516 1326 2557 eo
1352 2495 1481 2577 jurabit,

215 2602 302 2683 quod
328 2603 432 2685 ipsum
459 2602 619 2684 Georgius
644 2604 862 2685 carpentarius
885 2605 1093 2665 vulnerasset.

345 2839 442 2913 Feria
468 2850 567 2913 sexta
595 2845 750 2931 proxima
778 2854 857 2915 aute
886 2843 1086 2913 dominicam
1116 2841 1351 2913 ReninIseere.

729 3009 795 3087 (28.
812 3014 987 3088 februaria).

321 3169 399 3230 Item
425 3188 518 3230 causa
544 3168 700 3230 Iohannis
723 3168 781 3230 filii
807 3169 891 3230 Petri
909 3185 1018 3231 contra
1043 3169 1214 3231 Nicolaum
1240 3169 1419 3251 Crisanych
1443 3168 1485 3230 ad

217 3290 364 3336 octavum
389 3275 476 3336 diem
501 3275 541 3335 ad
566 3294 678 3355 pacem
703 3289 750 3336 est
774 3288 910 3355 recepta.
1304 3356 1306 3361 .

320 3381 399 3441 Item
424 3381 590 3442 Emericus
622 3400 756 3461 arcupar
788 3396 898 3442 contra
923 3381 1095 3455 Nicolaum
1127 3400 1280 3461 magnum
1307 3380 1413 3461 primo
1441 3380 1486 3442 ci·

217 3500 297 3548 tatus
319 3506 384 3548 non
411 3487 601 3569 comparuit.

320 3592 400 3654 Item
425 3592 617 3654 Dominicus
634 3608 735 3654 sartor
754 3609 863 3655 contra
883 3592 1013 3675 Mathey
1037 3593 1137 3654 Pazar
1160 3592 1266 3675 primo
1289 3593 1403 3655 citatus
1417 3612 1484 3654 non

218 3698 406 3781 comparuit.

320 3805 398 3867 Item
424 3803 601 3885 Gregorius
625 3804 720 3867 frater
740 3806 889 3868 Damiani
906 3819 1016 3868 contra
1033 3805 1200 3867 dominam
1217 3807 1360 3867 Iwanam
1378 3806 1485 3886 primo

219 3909 331 3972 citatus
354 3930 419 3972 non
444 3911 635 3994 comparuit.

324 4016 402 4078 Item
428 4016 535 4078 Lacko
557 4017 724 4100 Borchych
753 4032 863 4079 contra
895 4019 1026 4080 Petrum
1050 4032 1164 4080 octavo
1187 4017 1238 4079 die
1263 4018 1482 4100 respondebit.

325 4123 404 4185 Item
429 4124 567 4185 Iacobus
591 4125 716 4186 institor
746 4137 856 4186 contra
888 4125 1018 4187 Petrum
1044 4140 1158 4187 octavo
1190 4124 1241 4185 die
1266 4125 1485 4206 respondebit.

325 4246 402 4308 Item
429 4247 546 4330 Gyuan
571 4262 679 4310 contra
702 4247 882 4310 Iohannem
911 4248 1014 4311 filium
1034 4248 1210 4330 Mychaelis
1233 4247 1339 4329 primo
1371 4248 1486 4310 citatus

221 4372 283 4413 uon
308 4351 499 4433 comparuit.

326 4458 404 4519 Item
429 4458 606 4520 Damianus
627 4474 658 4520 et
691 4458 866 4540 Gregorius
891 4473 1000 4521 contra
1033 4459 1203 4521 Nicolaum
1229 4458 1409 4522 carnificem
1434 4481 1488 4522 oc-

220 4576 291 4624 tavo
317 4563 368 4624 die
394 4564 644 4645 respondebunt.

327 4668 406 4731 Item
431 4668 608 4750 GregorIus
638 4669 723 4731 filius
748 4669 990 4753 Chudauchych
1024 4686 1133 4732 contra
1158 4671 1241 4732 lrvan
1266 4671 1410 4734 secundo
1445 4673 1488 4733 ci·

221 4786 302 4835 tatus
326 4793 392 4835 non
424 4776 614 4857 comparuit.

1345 4887 1354 4926 1
1367 4886 1376 4926 1
