3404 5362
211 359 273 421 280
575 363 662 420 Anno
687 359 776 438 1387.
804 396 841 403 —
868 359 898 420 8.
924 362 1092 420 novembris.

213 576 298 653 bant,
324 590 354 636 ct
379 575 453 655 quia
479 574 639 635 Johannes
663 574 748 636 filius
772 573 938 635 Michaelis
962 573 1058 634 irater
1074 593 1151 636 suus
1175 591 1289 635 omnes
1312 574 1482 656 porciones

213 681 477 764 possessionarias
502 682 606 742 cidem
631 681 762 742 domine
788 701 895 742 coram
913 680 1038 742 civibus
1055 681 1087 741 in
1106 693 1300 742 testamento
1325 680 1481 763 domavit)

213 803 244 851 et
256 789 356 850 eciam
371 788 505 850 litoralia
517 789 738 866 instrumenta,
755 788 904 850 videlicet
914 787 1073 849 dictorum
1091 787 1211 848 civium
1224 807 1260 849 ac
1272 787 1480 870 privilegium

212 895 351 957 condam
376 896 500 956 domini
527 895 694 973 Ludovici‚
713 894 817 956 eidem
851 894 982 956 domine
1015 892 1259 972 confirmabant,
1292 894 1338 956 sic
1363 894 1478 956 eodem

214 1002 312 1063 modo
335 1001 441 1062 eidem
466 1001 596 1062 dornIne
622 1000 883 1062 confirmavimus
907 1014 938 1061 et
961 1001 1062 1062 eciam
1088 999 1358 1081 adjudicavimus.

320 1107 398 1169 Item
431 1108 706 1189 quemadmodum
741 1107 865 1168 Simoni
899 1105 1114 1184 juramentum
1147 1126 1246 1188 penes
1278 1126 1354 1168 suns
1378 1107 1485 1170 literas

212 1213 467 1294 adjudicavimus
484 1229 593 1274 contra
607 1213 773 1274 dominam
791 1213 934 1274 relictam
944 1211 1086 1274 Rafaelis
1099 1227 1130 1275 et
1140 1212 1227 1275 idem
1248 1213 1364 1275 Simon
1383 1234 1484 1276 sacra·

214 1335 360 1382 mentum
384 1339 476 1381 suum
503 1320 651 1401 deposuit
683 1335 718 1380 ut
750 1320 897 1397 debebat,
929 1339 1025 1401 super
1057 1339 1122 1401 quo
1148 1319 1287 1381 eundem
1315 1320 1484 1383 Simonem

216 1425 380 1487 reddimus
405 1426 586 1507 expeditum
613 1426 763 1488 videlicet
787 1425 1029 1508 producentem.

319 1532 397 1593 Item
415 1532 503 1613 quod
529 1533 604 1612 quia
622 1532 784 1594 Iohannes
809 1532 965 1594 Simonda
987 1547 1097 1594 contra
1122 1531 1289 1594 dominam
1316 1533 1484 1596 Elizabeth

213 1651 311 1700 testes
336 1638 511 1720 producere
537 1638 674 1699 debebat
707 1653 738 1699 et
769 1658 833 1699 non
859 1638 1024 1721 produxit,
1056 1658 1184 1701 causam
1216 1659 1309 1701 suam
1334 1640 1483 1722 perdidit.

240 1839 337 1912 Feria
366 1848 463 1912 sexta
493 1843 646 1929 proxima
675 1849 752 1911 ante
780 1840 904 1912 festum
933 1841 1021 1911 beati
1053 1841 1190 1913 Martini
1219 1841 1437 1915 confessoris.

729 1991 773 2066 (8.
797 1992 982 2066 novembris).

322 2134 400 2196 Item
426 2133 588 2196 Iohannes
613 2135 711 2195 Pazar
735 2148 766 2196 et
790 2135 929 2196 Jacobus
953 2134 1080 2195 Institor
1104 2147 1214 2195 contra
1239 2134 1359 2196 Paulas
1383 2137 1486 2218 primo

213 2243 299 2305 citati
325 2261 390 2303 non
415 2254 674 2323 comparuerunt.

320 2349 395 2409 Item
423 2347 575 2429 Gyurgek
600 2346 699 2409 Ozter
722 2347 873 2429 produxit
896 2361 992 2409 testes
1017 2346 1168 2408 videIIcet
1184 2345 1366 2428 Georgium
1394 2349 1487 2412 BIan·

214 2456 316 2533 chich,
341 2456 495 2516 Iacobum
523 2455 701 2515 institorem
728 2469 837 2515 contra
868 2454 954 2514 Iwan
979 2452 1164 2535 Ozmonog.

322 2561 399 2622 Item
426 2559 554 2622 Gerdak
580 2574 689 2621 contra
714 2559 927 2621 Benedictum
951 2560 1057 2643 prImo
1074 2559 1187 2621 citatus
1205 2579 1270 2621 non
1295 2564 1488 2644 comparuit.

321 2666 399 2728 Item
423 2665 606 2726 Anthonius
641 2665 725 2727 filius
750 2666 877 2728 Nicolai
904 2681 1013 2728 contra
1047 2666 1218 2728 Lucasium
1250 2667 1418 2730 medicum
1442 2689 1487 2730 se·

216 2771 371 2834 cundario
396 2772 509 2833 citatus
533 2791 598 2832 non
624 2772 813 2854 comparuit.

321 2879 399 2940 Item
424 2898 517 2938 causa
535 2877 647 2939 Crisan
666 2893 775 2939 contra
792 2877 919 2940 fratrem
937 2899 1031 2941 suum
1049 2879 1089 2941 ad
1107 2899 1217 2962 pacem
1235 2894 1283 2942 est
1298 2896 1484 2964 prorogata.

322 2985 399 3047 Item
425 3006 517 3047 causa
542 2985 616 3046 Ivan
642 3000 751 3048 contra
770 2986 898 3048 Petrum
924 2987 1023 3049 decan
1049 2987 1088 3048 ad
1114 3001 1186 3050 octo
1212 2987 1281 3050 dies
1305 2988 1347 3050 ad
1371 3010 1486 3072 pacem

216 3106 263 3153 est
286 3106 423 3173 recepta.

321 3197 398 3259 Item
425 3198 527 3278 Cigan
551 3213 660 3260 contra
686 3198 819 3260 Luciam
855 3199 1024 3261 mulierem
1049 3200 1240 3262 secundario
1272 3201 1389 3265 citatus
1421 3224 1485 3266 non

216 3305 404 3385 comparuit.

321 3411 399 3471 Item
424 3431 517 3471 causa
550 3411 704 3473 Iohannis
735 3425 845 3474 contra
879 3413 1049 3475 mulierem
1083 3412 1275 3476 SidouInich
1299 3415 1341 3476 ad
1372 3437 1484 3498 pacem

216 3517 354 3579 edocto
379 3517 447 3578 dies
472 3531 517 3579 est
539 3533 674 3599 recepta.

322 3623 399 3685 Item
419 3623 544 3684 Blasich
561 3638 670 3685 contra
684 3625 849 3686 Vrbanum
867 3625 1057 3687 secundario
1080 3626 1194 3688 citatus
1207 3646 1272 3690 non
1291 3631 1485 3712 comparuit.

323 3730 400 3790 Item
427 3729 568 3790 Briccius
592 3745 700 3792 contra
727 3732 933 3813 Dragonyam
966 3746 1107 3793 sutorem
1132 3732 1237 3815 prImo
1269 3735 1384 3798 citatus
1420 3757 1485 3799 non

216 3836 407 3918 comparuit.

322 3943 399 4005 Item
426 3963 518 4004 causa
545 3944 670 4005 Mikech
690 3944 838 4025 Magdich
863 3943 903 4005 ad
921 3945 1071 4026 antiquos
1088 3945 1210 4024 judices
1235 3959 1282 4008 est
1298 3963 1486 4031 prorogata.

322 4049 399 4110 Item
425 4049 510 4130 Span
536 4064 650 4112 octavo
675 4051 725 4110 die
750 4064 845 4112 testes
869 4051 1045 4132 producere
1069 4051 1174 4114 debet.

322 4156 400 4216 Item
424 4176 536 4218 omnes
561 4157 607 4218 illi
632 4158 686 4238 qui
704 4157 744 4218 de
769 4157 901 4218 Petouia
926 4178 999 4218 cum
1025 4158 1243 4219 mercimoniis
1266 4160 1395 4240 iverim,
1423 4165 1484 4226 Mi-

216 4262 305 4323 Iclino
331 4263 478 4341 institori,
496 4262 621 4345 Woryh
648 4263 678 4323 in
712 4263 885 4344 quindenis
908 4264 992 4325 XIIII
1016 4263 1086 4326 flor.
1111 4278 1142 4326 et
1164 4265 1222 4326 XL
1240 4264 1391 4329 denarios
1416 4271 1482 4332 sol·

216 4389 290 4430 vere
308 4369 436 4448 debent,
455 4370 509 4451 qui
528 4368 655 4431 fuerunt
673 4370 703 4430 in
722 4368 804 4431 facto
819 4369 957 4432 duorum
977 4370 1220 4432 Carintinorum
1239 4370 1487 4458 (fideiussores).

322 4475 400 4538 Item
435 4477 562 4537 Mikech
594 4490 708 4537 octavo
740 4476 791 4538 die
826 4477 914 4538 solus
943 4497 1100 4559 supereo
1133 4477 1259 4558 jurabit,
1285 4480 1375 4560 quod
1409 4501 1486 4544 cum

215 4583 296 4644 scitu
321 4602 379 4643 suo
404 4597 434 4644 et
459 4583 567 4643 uxoris
591 4603 646 4643 sue
673 4582 811 4664 quedam
838 4585 895 4644 bos
910 4582 1034 4644 domini
1060 4584 1144 4646 Petri
1169 4585 1201 4645 in
1226 4585 1313 4646 curia
1338 4606 1396 4648 sua
1416 4607 1484 4650 non

217 4687 277 4750 fuit
299 4701 463 4750 arestatus.

323 4795 399 4855 Item
425 4795 510 4854 idem
536 4794 661 4855 Mikech
687 4816 781 4877 super
806 4816 844 4858 eo
869 4795 996 4876 jurabit,
1022 4796 1110 4878 quod
1137 4797 1244 4859 Mikus
1269 4798 1352 4861 circa
1375 4800 1484 4883 ipsum

216 4901 297 4963 nihil
321 4901 360 4962 de
386 4899 452 4961 suis
475 4901 570 4961 rebus
594 4900 764 4964 habuisset.
