<?xml version="1.0" encoding="UTF-8"?>
<!DOCTYPE html PUBLIC "-//W3C//DTD XHTML 1.0 Transitional//EN"
    "http://www.w3.org/TR/xhtml1/DTD/xhtml1-transitional.dtd">
<html xmlns="http://www.w3.org/1999/xhtml" xml:lang="en" lang="en">
 <head>
  <title>
</title>
<meta http-equiv="Content-Type" content="text/html;charset=utf-8" />
  <meta name='ocr-system' content='tesseract 3.04.00' />
  <meta name='ocr-capabilities' content='ocr_page ocr_carea ocr_par ocr_line ocrx_word'/>
</head>
<body>
  <div class='ocr_page' id='page_1' title='image "./monumentahistor04laszgoog/monumentahistor04laszgoog_0372.png"; bbox 0 0 3404 5362; ppageno 0'>
   <div class='ocr_carea' id='block_1_1' title="bbox 592 339 1074 416">
    <p class='ocr_par' dir='ltr' id='par_1_1' title="bbox 592 339 1074 416">
     <span class='ocr_line' id='line_1_1' title="bbox 592 339 1074 416; baseline 0.008 -20"><span class='ocrx_word' id='word_1_1' title='bbox 592 339 791 416; x_wconf 76' lang='lat' dir='ltr'><strong>Ann01390.</strong></span> <span class='ocrx_word' id='word_1_2' title='bbox 817 373 857 383; x_wconf 96' lang='lat'>—</span> <span class='ocrx_word' id='word_1_3' title='bbox 882 353 933 415; x_wconf 85' lang='lat'><strong>29.</strong></span> <span class='ocrx_word' id='word_1_4' title='bbox 959 341 1074 415; x_wconf 81' lang='lat' dir='ltr'><em>aprilis.</em></span> 
     </span>
    </p>
   </div>
   <div class='ocr_carea' id='block_1_2' title="bbox 1320 361 1469 455">
    <p class='ocr_par' dir='ltr' id='par_1_2' title="bbox 1320 361 1469 455">
     <span class='ocr_line' id='line_1_2' title="bbox 1320 361 1469 455; baseline 0 0"><span class='ocrx_word' id='word_1_5' title='bbox 1320 361 1469 455; x_wconf 60' lang='lat'><strong>-322</strong></span> 
     </span>
    </p>
   </div>
   <div class='ocr_carea' id='block_1_3' title="bbox 142 549 1470 2972">
    <p class='ocr_par' dir='ltr' id='par_1_3' title="bbox 142 549 1470 2972">
     <span class='ocr_line' id='line_1_3' title="bbox 306 549 1380 634; baseline 0.002 -22"><span class='ocrx_word' id='word_1_6' title='bbox 306 550 387 612; x_wconf 88' lang='lat' dir='ltr'>Item</span> <span class='ocrx_word' id='word_1_7' title='bbox 411 550 514 613; x_wconf 90' lang='lat' dir='ltr'><strong>Malar</strong></span> <span class='ocrx_word' id='word_1_8' title='bbox 538 563 648 613; x_wconf 90' lang='lat' dir='ltr'><strong>contra</strong></span> <span class='ocrx_word' id='word_1_9' title='bbox 674 549 771 611; x_wconf 81' lang='lat' dir='ltr'><strong>Remi</strong></span> <span class='ocrx_word' id='word_1_10' title='bbox 792 551 934 612; x_wconf 87' lang='lat' dir='ltr'><strong>secundo</strong></span> <span class='ocrx_word' id='word_1_11' title='bbox 967 552 1081 613; x_wconf 87' lang='lat' dir='ltr'><strong>citatus</strong></span> <span class='ocrx_word' id='word_1_12' title='bbox 1105 571 1170 612; x_wconf 88' lang='lat' dir='ltr'><strong>non</strong></span> <span class='ocrx_word' id='word_1_13' title='bbox 1191 553 1380 634; x_wconf 80' lang='lat' dir='ltr'><strong>comparuit.</strong></span> 
     </span>
     <span class='ocr_line' id='line_1_4' title="bbox 308 656 1469 741; baseline 0.002 -23"><span class='ocrx_word' id='word_1_14' title='bbox 308 657 385 719; x_wconf 84' lang='lat' dir='ltr'>Item</span> <span class='ocrx_word' id='word_1_15' title='bbox 411 677 505 719; x_wconf 90' lang='lat' dir='ltr'><strong>causa</strong></span> <span class='ocrx_word' id='word_1_16' title='bbox 531 656 644 739; x_wconf 88' lang='lat' dir='ltr'><strong>Kyrini</strong></span> <span class='ocrx_word' id='word_1_17' title='bbox 669 671 778 720; x_wconf 87' lang='lat' dir='ltr'><strong>contra</strong></span> <span class='ocrx_word' id='word_1_18' title='bbox 800 657 971 718; x_wconf 78' lang='lat' dir='ltr'><strong>Nicolaum</strong></span> <span class='ocrx_word' id='word_1_19' title='bbox 989 676 1089 738; x_wconf 92' lang='lat' dir='ltr'><strong>usque</strong></span> <span class='ocrx_word' id='word_1_20' title='bbox 1115 671 1188 720; x_wconf 93' lang='lat' dir='ltr'><strong>octo</strong></span> <span class='ocrx_word' id='word_1_21' title='bbox 1213 657 1281 719; x_wconf 85' lang='lat' dir='ltr'><strong>dies</strong></span> <span class='ocrx_word' id='word_1_22' title='bbox 1298 658 1339 720; x_wconf 92' lang='lat' dir='ltr'><strong>ad</strong></span> <span class='ocrx_word' id='word_1_23' title='bbox 1356 678 1469 741; x_wconf 83' lang='lat' dir='ltr'>pacem</span> 
     </span>
     <span class='ocr_line' id='line_1_5' title="bbox 192 768 411 845; baseline 0.041 -29"><span class='ocrx_word' id='word_1_24' title='bbox 192 768 232 816; x_wconf 86' lang='lat' dir='ltr'><strong>est</strong></span> <span class='ocrx_word' id='word_1_25' title='bbox 260 777 411 845; x_wconf 88' lang='lat' dir='ltr'><strong>recepta.</strong></span> 
     </span>
     <span class='ocr_line' id='line_1_6' title="bbox 308 868 1470 951; baseline 0.003 -23"><span class='ocrx_word' id='word_1_26' title='bbox 308 868 388 931; x_wconf 89' lang='lat' dir='ltr'><strong>Item</strong></span> <span class='ocrx_word' id='word_1_27' title='bbox 405 889 500 931; x_wconf 89' lang='lat' dir='ltr'><strong>causa</strong></span> <span class='ocrx_word' id='word_1_28' title='bbox 513 869 604 931; x_wconf 88' lang='lat' dir='ltr'><strong>Pauli</strong></span> <span class='ocrx_word' id='word_1_29' title='bbox 623 882 732 931; x_wconf 89' lang='lat' dir='ltr'><strong>contra</strong></span> <span class='ocrx_word' id='word_1_30' title='bbox 751 869 912 930; x_wconf 86' lang='lat' dir='ltr'><strong>Mezaram</strong></span> <span class='ocrx_word' id='word_1_31' title='bbox 930 888 1032 951; x_wconf 88' lang='lat' dir='ltr'><strong>usque</strong></span> <span class='ocrx_word' id='word_1_32' title='bbox 1050 882 1123 931; x_wconf 93' lang='lat' dir='ltr'><strong>octo</strong></span> <span class='ocrx_word' id='word_1_33' title='bbox 1141 869 1209 931; x_wconf 92' lang='lat' dir='ltr'><strong>dies</strong></span> <span class='ocrx_word' id='word_1_34' title='bbox 1222 881 1268 930; x_wconf 91' lang='lat' dir='ltr'><strong>est</strong></span> <span class='ocrx_word' id='word_1_35' title='bbox 1284 883 1470 951; x_wconf 88' lang='lat' dir='ltr'><strong>prorogata.</strong></span> 
     </span>
     <span class='ocr_line' id='line_1_7' title="bbox 310 974 1424 1058; baseline 0.002 -22"><span class='ocrx_word' id='word_1_36' title='bbox 310 975 388 1037; x_wconf 91' lang='lat' dir='ltr'><strong>Item</strong></span> <span class='ocrx_word' id='word_1_37' title='bbox 414 1023 422 1039; x_wconf 91' lang='lat'><strong>.</strong></span> <span class='ocrx_word' id='word_1_38' title='bbox 447 974 594 1041; x_wconf 91' lang='lat' dir='ltr'><strong>..chich</strong></span> <span class='ocrx_word' id='word_1_39' title='bbox 619 990 730 1038; x_wconf 89' lang='lat' dir='ltr'><strong>contra</strong></span> <span class='ocrx_word' id='word_1_40' title='bbox 753 975 839 1037; x_wconf 91' lang='lat' dir='ltr'><strong>Iwao</strong></span> <span class='ocrx_word' id='word_1_41' title='bbox 864 977 968 1058; x_wconf 81' lang='lat' dir='ltr'><strong>prImo</strong></span> <span class='ocrx_word' id='word_1_42' title='bbox 993 976 1107 1038; x_wconf 89' lang='lat' dir='ltr'><strong>citatus</strong></span> <span class='ocrx_word' id='word_1_43' title='bbox 1140 996 1204 1037; x_wconf 90' lang='lat' dir='ltr'><strong>non</strong></span> <span class='ocrx_word' id='word_1_44' title='bbox 1234 976 1424 1058; x_wconf 79' lang='lat' dir='ltr'>comparuit.</span> 
     </span>
     <span class='ocr_line' id='line_1_8' title="bbox 311 1081 1403 1164; baseline 0.002 -22"><span class='ocrx_word' id='word_1_45' title='bbox 311 1082 388 1143; x_wconf 84' lang='lat' dir='ltr'>Item</span> <span class='ocrx_word' id='word_1_46' title='bbox 415 1081 539 1144; x_wconf 89' lang='lat' dir='ltr'><strong>Malech</strong></span> <span class='ocrx_word' id='word_1_47' title='bbox 564 1096 674 1144; x_wconf 90' lang='lat' dir='ltr'><strong>contra</strong></span> <span class='ocrx_word' id='word_1_48' title='bbox 699 1082 828 1143; x_wconf 89' lang='lat' dir='ltr'><strong>Petrum</strong></span> <span class='ocrx_word' id='word_1_49' title='bbox 852 1083 957 1164; x_wconf 93' lang='lat' dir='ltr'><strong>primo</strong></span> <span class='ocrx_word' id='word_1_50' title='bbox 982 1083 1096 1144; x_wconf 90' lang='lat' dir='ltr'><strong>citatus</strong></span> <span class='ocrx_word' id='word_1_51' title='bbox 1123 1101 1189 1143; x_wconf 91' lang='lat' dir='ltr'><strong>non</strong></span> <span class='ocrx_word' id='word_1_52' title='bbox 1214 1082 1403 1164; x_wconf 79' lang='lat' dir='ltr'><strong>comparuit.</strong></span> 
     </span>
     <span class='ocr_line' id='line_1_9' title="bbox 312 1188 1469 1271; baseline 0.001 -21"><span class='ocrx_word' id='word_1_53' title='bbox 312 1189 389 1250; x_wconf 90' lang='lat' dir='ltr'><strong>Item</strong></span> <span class='ocrx_word' id='word_1_54' title='bbox 414 1188 535 1270; x_wconf 77' lang='lat' dir='ltr'><strong>Purgar</strong></span> <span class='ocrx_word' id='word_1_55' title='bbox 559 1202 668 1251; x_wconf 91' lang='lat' dir='ltr'><strong>contra</strong></span> <span class='ocrx_word' id='word_1_56' title='bbox 693 1189 823 1251; x_wconf 90' lang='lat' dir='ltr'><strong>Petrum</strong></span> <span class='ocrx_word' id='word_1_57' title='bbox 847 1188 1038 1250; x_wconf 87' lang='lat' dir='ltr'><strong>secundario</strong></span> <span class='ocrx_word' id='word_1_58' title='bbox 1052 1189 1165 1250; x_wconf 87' lang='lat' dir='ltr'><strong>citatus</strong></span> <span class='ocrx_word' id='word_1_59' title='bbox 1189 1208 1254 1250; x_wconf 90' lang='lat' dir='ltr'><strong>non</strong></span> <span class='ocrx_word' id='word_1_60' title='bbox 1279 1189 1469 1271; x_wconf 85' lang='lat' dir='ltr'><strong>comparuit.</strong></span> 
     </span>
     <span class='ocr_line' id='line_1_10' title="bbox 311 1294 1467 1378; baseline 0.002 -23"><span class='ocrx_word' id='word_1_61' title='bbox 311 1295 388 1357; x_wconf 90' lang='lat' dir='ltr'><strong>Item</strong></span> <span class='ocrx_word' id='word_1_62' title='bbox 429 1294 542 1357; x_wconf 81' lang='lat' dir='ltr'><strong>Gallus</strong></span> <span class='ocrx_word' id='word_1_63' title='bbox 567 1309 677 1357; x_wconf 89' lang='lat' dir='ltr'><strong>contra</strong></span> <span class='ocrx_word' id='word_1_64' title='bbox 702 1296 831 1357; x_wconf 89' lang='lat' dir='ltr'><strong>Petrum</strong></span> <span class='ocrx_word' id='word_1_65' title='bbox 856 1294 1013 1357; x_wconf 88' lang='lat' dir='ltr'><strong>decanum</strong></span> <span class='ocrx_word' id='word_1_66' title='bbox 1031 1295 1135 1378; x_wconf 82' lang='lat' dir='ltr'><strong>prImo</strong></span> <span class='ocrx_word' id='word_1_67' title='bbox 1153 1295 1266 1356; x_wconf 88' lang='lat' dir='ltr'><strong>citatus</strong></span> <span class='ocrx_word' id='word_1_68' title='bbox 1290 1315 1355 1357; x_wconf 90' lang='lat' dir='ltr'><strong>non</strong></span> <span class='ocrx_word' id='word_1_69' title='bbox 1380 1315 1467 1357; x_wconf 89' lang='lat' dir='ltr'><strong>com·</strong></span> 
     </span>
     <span class='ocr_line' id='line_1_11' title="bbox 197 1399 319 1465; baseline -0.008 0"><span class='ocrx_word' id='word_1_70' title='bbox 197 1399 319 1465; x_wconf 75' lang='lat' dir='ltr'><strong>Paruit.</strong></span> 
     </span>
     <span class='ocr_line' id='line_1_12' title="bbox 308 1507 1464 1590; baseline 0.001 -21"><span class='ocrx_word' id='word_1_71' title='bbox 308 1507 384 1570; x_wconf 92' lang='lat' dir='ltr'><strong>Item</strong></span> <span class='ocrx_word' id='word_1_72' title='bbox 410 1508 520 1570; x_wconf 88' lang='lat' dir='ltr'><strong>Bartol</strong></span> <span class='ocrx_word' id='word_1_73' title='bbox 545 1522 656 1570; x_wconf 90' lang='lat' dir='ltr'><strong>contra</strong></span> <span class='ocrx_word' id='word_1_74' title='bbox 682 1507 896 1569; x_wconf 81' lang='lat' dir='ltr'><strong>LaurencIum</strong></span> <span class='ocrx_word' id='word_1_75' title='bbox 917 1508 1022 1590; x_wconf 91' lang='lat' dir='ltr'><strong>primo</strong></span> <span class='ocrx_word' id='word_1_76' title='bbox 1047 1508 1160 1570; x_wconf 91' lang='lat' dir='ltr'><strong>citatus</strong></span> <span class='ocrx_word' id='word_1_77' title='bbox 1184 1527 1249 1569; x_wconf 92' lang='lat' dir='ltr'><strong>non</strong></span> <span class='ocrx_word' id='word_1_78' title='bbox 1274 1508 1464 1590; x_wconf 87' lang='lat' dir='ltr'><strong>comparuit.</strong></span> 
     </span>
     <span class='ocr_line' id='line_1_13' title="bbox 307 1613 1461 1698; baseline 0.001 -22"><span class='ocrx_word' id='word_1_79' title='bbox 307 1613 384 1677; x_wconf 88' lang='lat' dir='ltr'><strong>Item</strong></span> <span class='ocrx_word' id='word_1_80' title='bbox 410 1615 556 1698; x_wconf 89' lang='lat' dir='ltr'><strong>Mathyas</strong></span> <span class='ocrx_word' id='word_1_81' title='bbox 579 1628 689 1677; x_wconf 90' lang='lat' dir='ltr'><strong>contra</strong></span> <span class='ocrx_word' id='word_1_82' title='bbox 712 1614 841 1676; x_wconf 90' lang='lat' dir='ltr'><strong>Petrum</strong></span> <span class='ocrx_word' id='word_1_83' title='bbox 866 1626 1020 1677; x_wconf 83' lang='lat' dir='ltr'><strong>sartorem</strong></span> <span class='ocrx_word' id='word_1_84' title='bbox 1044 1614 1234 1677; x_wconf 89' lang='lat' dir='ltr'><strong>secundario</strong></span> <span class='ocrx_word' id='word_1_85' title='bbox 1259 1615 1373 1677; x_wconf 89' lang='lat' dir='ltr'><strong>citatus</strong></span> <span class='ocrx_word' id='word_1_86' title='bbox 1396 1634 1461 1677; x_wconf 91' lang='lat' dir='ltr'><strong>non</strong></span> 
     </span>
     <span class='ocr_line' id='line_1_14' title="bbox 195 1718 390 1800; baseline 0.036 -24"><span class='ocrx_word' id='word_1_87' title='bbox 195 1718 390 1800; x_wconf 65' lang='lat' dir='ltr'><strong>comparuit.</strong></span> 
     </span>
     <span class='ocr_line' id='line_1_15' title="bbox 306 1826 1402 1912; baseline 0.003 -23"><span class='ocrx_word' id='word_1_88' title='bbox 306 1826 381 1889; x_wconf 93' lang='lat' dir='ltr'><strong>Item</strong></span> <span class='ocrx_word' id='word_1_89' title='bbox 407 1827 569 1889; x_wconf 84' lang='lat' dir='ltr'><strong>Johannes</strong></span> <span class='ocrx_word' id='word_1_90' title='bbox 593 1842 703 1890; x_wconf 90' lang='lat' dir='ltr'><strong>contra</strong></span> <span class='ocrx_word' id='word_1_91' title='bbox 728 1828 831 1890; x_wconf 82' lang='lat' dir='ltr'><strong>Volek</strong></span> <span class='ocrx_word' id='word_1_92' title='bbox 856 1828 960 1909; x_wconf 82' lang='lat' dir='ltr'><strong>prImo</strong></span> <span class='ocrx_word' id='word_1_93' title='bbox 985 1828 1097 1889; x_wconf 92' lang='lat' dir='ltr'><strong>citatus</strong></span> <span class='ocrx_word' id='word_1_94' title='bbox 1122 1849 1187 1890; x_wconf 91' lang='lat' dir='ltr'><strong>non</strong></span> <span class='ocrx_word' id='word_1_95' title='bbox 1212 1831 1402 1912; x_wconf 89' lang='lat' dir='ltr'><strong>comparuit.</strong></span> 
     </span>
     <span class='ocr_line' id='line_1_16' title="bbox 305 1933 1467 2016; baseline 0.003 -23"><span class='ocrx_word' id='word_1_96' title='bbox 305 1933 381 1996; x_wconf 93' lang='lat' dir='ltr'><strong>Item</strong></span> <span class='ocrx_word' id='word_1_97' title='bbox 407 1933 554 1996; x_wconf 87' lang='lat' dir='ltr'><strong>Matheus</strong></span> <span class='ocrx_word' id='word_1_98' title='bbox 567 1933 703 1996; x_wconf 89' lang='lat' dir='ltr'><strong>Machen</strong></span> <span class='ocrx_word' id='word_1_99' title='bbox 721 1947 829 1996; x_wconf 90' lang='lat' dir='ltr'><strong>contra</strong></span> <span class='ocrx_word' id='word_1_100' title='bbox 855 1934 940 1995; x_wconf 88' lang='lat' dir='ltr'><strong>lwan</strong></span> <span class='ocrx_word' id='word_1_101' title='bbox 964 1933 1031 1994; x_wconf 88' lang='lat' dir='ltr'><strong>Lah</strong></span> <span class='ocrx_word' id='word_1_102' title='bbox 1049 1934 1154 2016; x_wconf 81' lang='lat' dir='ltr'><strong>prImo</strong></span> <span class='ocrx_word' id='word_1_103' title='bbox 1171 1936 1285 1997; x_wconf 89' lang='lat' dir='ltr'><strong>citatus</strong></span> <span class='ocrx_word' id='word_1_104' title='bbox 1298 1956 1363 1997; x_wconf 91' lang='lat' dir='ltr'><strong>non</strong></span> <span class='ocrx_word' id='word_1_105' title='bbox 1381 1956 1467 1998; x_wconf 91' lang='lat' dir='ltr'><strong>com·</strong></span> 
     </span>
     <span class='ocr_line' id='line_1_17' title="bbox 186 2028 314 2103; baseline 0.055 -7"><span class='ocrx_word' id='word_1_106' title='bbox 186 2028 314 2103; x_wconf 64' lang='lat' dir='ltr'><strong>Paruit.</strong></span> 
     </span>
     <span class='ocr_line' id='line_1_18' title="bbox 307 2146 1468 2229; baseline 0.002 -22"><span class='ocrx_word' id='word_1_107' title='bbox 307 2147 385 2210; x_wconf 84' lang='lat' dir='ltr'><strong>Item</strong></span> <span class='ocrx_word' id='word_1_108' title='bbox 410 2146 604 2210; x_wconf 92' lang='lat' dir='ltr'><strong>Gmizouich</strong></span> <span class='ocrx_word' id='word_1_109' title='bbox 628 2160 738 2209; x_wconf 88' lang='lat' dir='ltr'><strong>contra</strong></span> <span class='ocrx_word' id='word_1_110' title='bbox 762 2147 979 2228; x_wconf 84' lang='lat' dir='ltr'><strong>Dragozlaum</strong></span> <span class='ocrx_word' id='word_1_111' title='bbox 1004 2147 1108 2229; x_wconf 80' lang='lat' dir='ltr'><strong>prImo</strong></span> <span class='ocrx_word' id='word_1_112' title='bbox 1143 2148 1257 2209; x_wconf 89' lang='lat' dir='ltr'><strong>citatus</strong></span> <span class='ocrx_word' id='word_1_113' title='bbox 1289 2168 1354 2210; x_wconf 90' lang='lat' dir='ltr'><strong>oon</strong></span> <span class='ocrx_word' id='word_1_114' title='bbox 1380 2167 1468 2209; x_wconf 90' lang='lat' dir='ltr'><strong>com-</strong></span> 
     </span>
     <span class='ocr_line' id='line_1_19' title="bbox 175 2235 317 2316; baseline 0.035 -5"><span class='ocrx_word' id='word_1_115' title='bbox 175 2235 317 2316; x_wconf 65' lang='lat' dir='ltr'><strong>paruit.</strong></span> 
     </span>
     <span class='ocr_line' id='line_1_20' title="bbox 181 2359 1463 2443; baseline -0.001 -20"><span class='ocrx_word' id='word_1_116' title='bbox 181 2428 197 2443; x_wconf 51' lang='grc'>,</span> <span class='ocrx_word' id='word_1_117' title='bbox 306 2359 382 2423; x_wconf 90' lang='lat' dir='ltr'><strong>Item</strong></span> <span class='ocrx_word' id='word_1_118' title='bbox 415 2360 524 2422; x_wconf 90' lang='lat' dir='ltr'><strong>relicta</strong></span> <span class='ocrx_word' id='word_1_119' title='bbox 542 2359 689 2443; x_wconf 89' lang='lat' dir='ltr'><strong>Mathyas</strong></span> <span class='ocrx_word' id='word_1_120' title='bbox 705 2375 815 2422; x_wconf 90' lang='lat' dir='ltr'><strong>contra</strong></span> <span class='ocrx_word' id='word_1_121' title='bbox 837 2361 1031 2442; x_wconf 84' lang='lat' dir='ltr'><strong>Agustinum</strong></span> <span class='ocrx_word' id='word_1_122' title='bbox 1056 2361 1253 2424; x_wconf 85' lang='lat' dir='ltr'><strong>sacerdotem</strong></span> <span class='ocrx_word' id='word_1_123' title='bbox 1271 2359 1463 2422; x_wconf 81' lang='lat' dir='ltr'><strong>secundario</strong></span> 
     </span>
     <span class='ocr_line' id='line_1_21' title="bbox 164 2443 601 2548; baseline 0.011 -24"><span class='ocrx_word' id='word_1_124' title='bbox 164 2443 297 2527; x_wconf 74' lang='lat' dir='ltr'><strong>cltata</strong></span> <span class='ocrx_word' id='word_1_125' title='bbox 320 2486 385 2528; x_wconf 90' lang='lat' dir='ltr'><strong>non</strong></span> <span class='ocrx_word' id='word_1_126' title='bbox 411 2465 601 2548; x_wconf 89' lang='lat' dir='ltr'><strong>comparuit.</strong></span> 
     </span>
     <span class='ocr_line' id='line_1_22' title="bbox 306 2571 1467 2655; baseline -0.001 -21"><span class='ocrx_word' id='word_1_127' title='bbox 306 2571 383 2634; x_wconf 88' lang='lat' dir='ltr'><strong>Item</strong></span> <span class='ocrx_word' id='word_1_128' title='bbox 421 2571 599 2655; x_wconf 86' lang='lat' dir='ltr'><strong>Gregorius</strong></span> <span class='ocrx_word' id='word_1_129' title='bbox 633 2572 789 2655; x_wconf 86' lang='lat' dir='ltr'><strong>voyschar</strong></span> <span class='ocrx_word' id='word_1_130' title='bbox 819 2590 921 2654; x_wconf 89' lang='lat' dir='ltr'><strong>usque</strong></span> <span class='ocrx_word' id='word_1_131' title='bbox 954 2573 1134 2655; x_wconf 87' lang='lat' dir='ltr'><strong>quindenas</strong></span> <span class='ocrx_word' id='word_1_132' title='bbox 1165 2585 1294 2635; x_wconf 89' lang='lat' dir='ltr'><strong>centum</strong></span> <span class='ocrx_word' id='word_1_133' title='bbox 1326 2571 1467 2634; x_wconf 88' lang='lat' dir='ltr'><strong>florenos</strong></span> 
     </span>
     <span class='ocr_line' id='line_1_23' title="bbox 151 2651 873 2761; baseline 0.008 -25"><span class='ocrx_word' id='word_1_134' title='bbox 151 2651 276 2738; x_wconf 43' lang='lat' dir='ltr'><strong>‘Klri</strong></span> <span class='ocrx_word' id='word_1_135' title='bbox 299 2677 457 2761; x_wconf 80' lang='lat' dir='ltr'><strong>Gregorio</strong></span> <span class='ocrx_word' id='word_1_136' title='bbox 479 2678 594 2761; x_wconf 85' lang='lat' dir='ltr'><strong>Angeli</strong></span> <span class='ocrx_word' id='word_1_137' title='bbox 619 2679 743 2740; x_wconf 86' lang='lat' dir='ltr'><strong>solvere</strong></span> <span class='ocrx_word' id='word_1_138' title='bbox 768 2678 873 2742; x_wconf 90' lang='lat' dir='ltr'><strong>debet.</strong></span> 
     </span>
     <span class='ocr_line' id='line_1_24' title="bbox 306 2783 1464 2868; baseline 0.002 -22"><span class='ocrx_word' id='word_1_139' title='bbox 306 2783 384 2846; x_wconf 91' lang='lat' dir='ltr'><strong>Item</strong></span> <span class='ocrx_word' id='word_1_140' title='bbox 406 2783 498 2846; x_wconf 89' lang='lat' dir='ltr'><strong>Tade</strong></span> <span class='ocrx_word' id='word_1_141' title='bbox 523 2784 660 2846; x_wconf 90' lang='lat' dir='ltr'><strong>citerista</strong></span> <span class='ocrx_word' id='word_1_142' title='bbox 690 2798 805 2846; x_wconf 88' lang='lat' dir='ltr'><strong>octavo</strong></span> <span class='ocrx_word' id='word_1_143' title='bbox 838 2784 888 2846; x_wconf 91' lang='lat' dir='ltr'><strong>die</strong></span> <span class='ocrx_word' id='word_1_144' title='bbox 914 2785 1056 2847; x_wconf 91' lang='lat' dir='ltr'><strong>secundo</strong></span> <span class='ocrx_word' id='word_1_145' title='bbox 1089 2806 1122 2848; x_wconf 89' lang='lat' dir='ltr'><strong>se</strong></span> <span class='ocrx_word' id='word_1_146' title='bbox 1146 2805 1242 2868; x_wconf 87' lang='lat' dir='ltr'><strong>super</strong></span> <span class='ocrx_word' id='word_1_147' title='bbox 1266 2804 1305 2847; x_wconf 93' lang='lat' dir='ltr'><strong>eo</strong></span> <span class='ocrx_word' id='word_1_148' title='bbox 1336 2784 1464 2866; x_wconf 87' lang='lat' dir='ltr'><strong>jurabit.</strong></span> 
     </span>
     <span class='ocr_line' id='line_1_25' title="bbox 142 2856 1237 2972; baseline 0.004 -22"><span class='ocrx_word' id='word_1_149' title='bbox 142 2856 287 2950; x_wconf 52' lang='lat' dir='ltr'><strong>lklod</strong></span> <span class='ocrx_word' id='word_1_150' title='bbox 310 2890 377 2972; x_wconf 85' lang='lat' dir='ltr'><strong>ipse</strong></span> <span class='ocrx_word' id='word_1_151' title='bbox 402 2890 566 2972; x_wconf 87' lang='lat' dir='ltr'><strong>quoddam</strong></span> <span class='ocrx_word' id='word_1_152' title='bbox 592 2891 798 2953; x_wconf 88' lang='lat' dir='ltr'><strong>bambusium</strong></span> <span class='ocrx_word' id='word_1_153' title='bbox 821 2911 914 2953; x_wconf 89' lang='lat' dir='ltr'><strong>suum</strong></span> <span class='ocrx_word' id='word_1_154' title='bbox 939 2911 1004 2953; x_wconf 89' lang='lat' dir='ltr'><strong>non</strong></span> <span class='ocrx_word' id='word_1_155' title='bbox 1030 2891 1237 2954; x_wconf 89' lang='lat' dir='ltr'><strong>vendidisset.</strong></span> 
     </span>
    </p>
   </div>
   <div class='ocr_carea' id='block_1_4' title="bbox 142 3013 1463 3524">
    <p class='ocr_par' dir='ltr' id='par_1_4' title="bbox 142 3013 1461 3290">
     <span class='ocr_line' id='line_1_26' title="bbox 304 3013 1461 3098; baseline 0.002 -23"><span class='ocrx_word' id='word_1_156' title='bbox 304 3013 382 3076; x_wconf 92' lang='lat' dir='ltr'><strong>Item</strong></span> <span class='ocrx_word' id='word_1_157' title='bbox 405 3015 431 3076; x_wconf 89' lang='lat' dir='ltr'><strong>si</strong></span> <span class='ocrx_word' id='word_1_158' title='bbox 457 3015 658 3098; x_wconf 82' lang='lat' dir='ltr'><strong>Margaretha</strong></span> <span class='ocrx_word' id='word_1_159' title='bbox 683 3016 799 3078; x_wconf 91' lang='lat' dir='ltr'><strong>mulier</strong></span> <span class='ocrx_word' id='word_1_160' title='bbox 818 3035 918 3097; x_wconf 87' lang='lat' dir='ltr'><strong>usque</strong></span> <span class='ocrx_word' id='word_1_161' title='bbox 944 3030 1017 3078; x_wconf 92' lang='lat' dir='ltr'><strong>octo</strong></span> <span class='ocrx_word' id='word_1_162' title='bbox 1042 3017 1109 3077; x_wconf 86' lang='lat' dir='ltr'><strong>dies</strong></span> <span class='ocrx_word' id='word_1_163' title='bbox 1127 3017 1332 3078; x_wconf 89' lang='lat' dir='ltr'><strong>medietatem</strong></span> <span class='ocrx_word' id='word_1_164' title='bbox 1357 3017 1461 3078; x_wconf 92' lang='lat' dir='ltr'><strong>cuius·</strong></span> 
     </span>
     <span class='ocr_line' id='line_1_27' title="bbox 142 3104 1460 3205; baseline 0.002 -25"><span class='ocrx_word' id='word_1_165' title='bbox 142 3104 273 3181; x_wconf 37' lang='lat' dir='ltr'><strong>&#39;Qm</strong></span> <span class='ocrx_word' id='word_1_166' title='bbox 297 3121 391 3184; x_wconf 80' lang='lat' dir='ltr'><strong>vitree</strong></span> <span class='ocrx_word' id='word_1_167' title='bbox 415 3142 481 3183; x_wconf 89' lang='lat' dir='ltr'><strong>uon</strong></span> <span class='ocrx_word' id='word_1_168' title='bbox 506 3121 651 3202; x_wconf 82' lang='lat' dir='ltr'><strong>redimet,</strong></span> <span class='ocrx_word' id='word_1_169' title='bbox 673 3135 788 3184; x_wconf 85' lang='lat' dir='ltr'><strong>extunc</strong></span> <span class='ocrx_word' id='word_1_170' title='bbox 814 3122 914 3205; x_wconf 88' lang='lat' dir='ltr'><strong>ipsam</strong></span> <span class='ocrx_word' id='word_1_171' title='bbox 932 3123 1059 3185; x_wconf 88' lang='lat' dir='ltr'><strong>vineam</strong></span> <span class='ocrx_word' id='word_1_172' title='bbox 1086 3122 1244 3205; x_wconf 83' lang='lat' dir='ltr'><strong>Gregorio</strong></span> <span class='ocrx_word' id='word_1_173' title='bbox 1268 3122 1380 3184; x_wconf 89' lang='lat' dir='ltr'><strong>sartori</strong></span> <span class='ocrx_word' id='word_1_174' title='bbox 1405 3121 1460 3183; x_wconf 91' lang='lat' dir='ltr'><strong>ad-</strong></span> 
     </span>
     <span class='ocr_line' id='line_1_28' title="bbox 142 3198 422 3290; baseline 0.011 -3"><span class='ocrx_word' id='word_1_175' title='bbox 142 3198 422 3290; x_wconf 39' lang='lat' dir='ltr'><strong>*eleusiniae</strong></span> 
     </span>
    </p>

    <p class='ocr_par' dir='ltr' id='par_1_5' title="bbox 142 3333 1463 3524">
     <span class='ocr_line' id='line_1_29' title="bbox 303 3333 1463 3417; baseline 0.001 -22"><span class='ocrx_word' id='word_1_176' title='bbox 303 3333 382 3396; x_wconf 91' lang='lat' dir='ltr'><strong>Item</strong></span> <span class='ocrx_word' id='word_1_177' title='bbox 406 3334 525 3396; x_wconf 89' lang='lat' dir='ltr'><strong>Paulus</strong></span> <span class='ocrx_word' id='word_1_178' title='bbox 548 3333 710 3397; x_wconf 89' lang='lat' dir='ltr'><strong>Beochich</strong></span> <span class='ocrx_word' id='word_1_179' title='bbox 734 3348 848 3398; x_wconf 83' lang='lat' dir='ltr'><strong>octavo</strong></span> <span class='ocrx_word' id='word_1_180' title='bbox 882 3335 933 3396; x_wconf 89' lang='lat' dir='ltr'><strong>die</strong></span> <span class='ocrx_word' id='word_1_181' title='bbox 973 3335 1072 3397; x_wconf 83' lang='lat' dir='ltr'><strong>tercIo</strong></span> <span class='ocrx_word' id='word_1_182' title='bbox 1096 3356 1128 3396; x_wconf 90' lang='lat' dir='ltr'><strong>se</strong></span> <span class='ocrx_word' id='word_1_183' title='bbox 1153 3354 1248 3417; x_wconf 91' lang='lat' dir='ltr'><strong>super</strong></span> <span class='ocrx_word' id='word_1_184' title='bbox 1272 3354 1310 3396; x_wconf 93' lang='lat' dir='ltr'><strong>eo</strong></span> <span class='ocrx_word' id='word_1_185' title='bbox 1335 3334 1463 3415; x_wconf 87' lang='lat' dir='ltr'><strong>jurabit,</strong></span> 
     </span>
     <span class='ocr_line' id='line_1_30' title="bbox 142 3413 1463 3524; baseline 0.003 -23"><span class='ocrx_word' id='word_1_186' title='bbox 142 3413 289 3503; x_wconf 60' lang='lat' dir='ltr'><strong>[laod</strong></span> <span class='ocrx_word' id='word_1_187' title='bbox 306 3441 374 3522; x_wconf 89' lang='lat' dir='ltr'><strong>ipse</strong></span> <span class='ocrx_word' id='word_1_188' title='bbox 391 3441 522 3503; x_wconf 88' lang='lat' dir='ltr'><strong>terciam</strong></span> <span class='ocrx_word' id='word_1_189' title='bbox 540 3455 663 3523; x_wconf 90' lang='lat' dir='ltr'><strong>partem</strong></span> <span class='ocrx_word' id='word_1_190' title='bbox 677 3442 742 3503; x_wconf 88' lang='lat' dir='ltr'><strong>vini</strong></span> <span class='ocrx_word' id='word_1_191' title='bbox 755 3442 794 3504; x_wconf 93' lang='lat' dir='ltr'><strong>de</strong></span> <span class='ocrx_word' id='word_1_192' title='bbox 808 3440 949 3523; x_wconf 91' lang='lat' dir='ltr'><strong>quadam</strong></span> <span class='ocrx_word' id='word_1_193' title='bbox 966 3441 1058 3503; x_wconf 88' lang='lat' dir='ltr'><strong>viuea</strong></span> <span class='ocrx_word' id='word_1_194' title='bbox 1084 3462 1187 3524; x_wconf 89' lang='lat' dir='ltr'><strong>prose</strong></span> <span class='ocrx_word' id='word_1_195' title='bbox 1201 3461 1266 3502; x_wconf 88' lang='lat' dir='ltr'><strong>non</strong></span> <span class='ocrx_word' id='word_1_196' title='bbox 1284 3442 1463 3524; x_wconf 87' lang='lat' dir='ltr'><strong>recepisset.</strong></span> 
     </span>
    </p>
   </div>
   <div class='ocr_carea' id='block_1_5' title="bbox 142 3545 1462 3717">
    <p class='ocr_par' dir='ltr' id='par_1_6' title="bbox 142 3545 1462 3717">
     <span class='ocr_line' id='line_1_31' title="bbox 142 3545 1462 3679; baseline 0.002 -72"><span class='ocrx_word' id='word_1_197' title='bbox 142 3629 165 3679; x_wconf 54' lang='grc' dir='ltr'>ι</span> <span class='ocrx_word' id='word_1_198' title='bbox 302 3545 382 3608; x_wconf 90' lang='lat' dir='ltr'><strong>Item</strong></span> <span class='ocrx_word' id='word_1_199' title='bbox 417 3546 524 3609; x_wconf 89' lang='lat' dir='ltr'><strong>Herch</strong></span> <span class='ocrx_word' id='word_1_200' title='bbox 559 3548 600 3608; x_wconf 90' lang='lat' dir='ltr'><strong>ad</strong></span> <span class='ocrx_word' id='word_1_201' title='bbox 633 3546 894 3630; x_wconf 89' lang='lat' dir='ltr'><strong>respondendum</strong></span> <span class='ocrx_word' id='word_1_202' title='bbox 934 3561 1043 3609; x_wconf 90' lang='lat' dir='ltr'><strong>contra</strong></span> <span class='ocrx_word' id='word_1_203' title='bbox 1076 3546 1270 3629; x_wconf 86' lang='lat' dir='ltr'><strong>Gregorium</strong></span> <span class='ocrx_word' id='word_1_204' title='bbox 1307 3548 1462 3631; x_wconf 88' lang='lat' dir='ltr'><strong>voyschar</strong></span> 
     </span>
     <span class='ocr_line' id='line_1_32' title="bbox 174 3653 388 3717; baseline 0.009 -3"><span class='ocrx_word' id='word_1_205' title='bbox 174 3656 264 3714; x_wconf 52' lang='lat' dir='ltr'><strong>Qu</strong></span> <span class='ocrx_word' id='word_1_206' title='bbox 288 3653 388 3717; x_wconf 84' lang='lat' dir='ltr'><strong>venit.</strong></span> 
     </span>
    </p>
   </div>
   <div class='ocr_carea' id='block_1_6' title="bbox 157 3824 1461 4070">
    <p class='ocr_par' dir='ltr' id='par_1_7' title="bbox 157 3824 1461 4070">
     <span class='ocr_line' id='line_1_33' title="bbox 157 3824 1461 3948; baseline 0.006 -29"><span class='ocrx_word' id='word_1_207' title='bbox 157 3824 310 3927; x_wconf 57' lang='lat' dir='ltr'><strong>Feria</strong></span> <span class='ocrx_word' id='word_1_208' title='bbox 340 3860 440 3927; x_wconf 83' lang='lat' dir='ltr'><strong>sexta</strong></span> <span class='ocrx_word' id='word_1_209' title='bbox 468 3858 622 3945; x_wconf 83' lang='lat' dir='ltr'><strong>proxima</strong></span> <span class='ocrx_word' id='word_1_210' title='bbox 652 3867 729 3927; x_wconf 86' lang='lat' dir='ltr'><strong>ante</strong></span> <span class='ocrx_word' id='word_1_211' title='bbox 752 3856 874 3928; x_wconf 83' lang='lat' dir='ltr'><strong>festum</strong></span> <span class='ocrx_word' id='word_1_212' title='bbox 903 3857 1077 3927; x_wconf 86' lang='lat' dir='ltr'><strong>beatorum</strong></span> <span class='ocrx_word' id='word_1_213' title='bbox 1108 3856 1252 3946; x_wconf 85' lang='lat' dir='ltr'><strong>Philippi</strong></span> <span class='ocrx_word' id='word_1_214' title='bbox 1282 3863 1315 3927; x_wconf 88' lang='lat' dir='ltr'><strong>et</strong></span> <span class='ocrx_word' id='word_1_215' title='bbox 1342 3856 1461 3948; x_wconf 88' lang='lat' dir='ltr'><strong>Jacobi</strong></span> 
     </span>
     <span class='ocr_line' id='line_1_34' title="bbox 709 3980 948 4070; baseline -0.017 -18"><span class='ocrx_word' id='word_1_216' title='bbox 709 3980 948 4070; x_wconf 85' lang='lat' dir='ltr'><strong>apostolorum.</strong></span> 
     </span>
    </p>
   </div>
   <div class='ocr_carea' id='block_1_7' title="bbox 723 4152 941 4227">
    <p class='ocr_par' dir='ltr' id='par_1_8' title="bbox 723 4152 941 4227">
     <span class='ocr_line' id='line_1_35' title="bbox 723 4152 941 4227; baseline 0.023 -20"><span class='ocrx_word' id='word_1_217' title='bbox 723 4154 788 4226; x_wconf 83' lang='lat'><strong>(29.</strong></span> <span class='ocrx_word' id='word_1_218' title='bbox 812 4152 941 4227; x_wconf 77' lang='lat' dir='ltr'><strong>aprilis).</strong></span> 
     </span>
    </p>
   </div>
   <div class='ocr_carea' id='block_1_8' title="bbox 142 4289 1458 4945">
    <p class='ocr_par' dir='ltr' id='par_1_9' title="bbox 302 4289 1458 4372">
     <span class='ocr_line' id='line_1_36' title="bbox 302 4289 1458 4372; baseline -0.002 -18"><span class='ocrx_word' id='word_1_219' title='bbox 302 4292 379 4354; x_wconf 92' lang='lat' dir='ltr'><strong>Item</strong></span> <span class='ocrx_word' id='word_1_220' title='bbox 390 4292 585 4355; x_wconf 89' lang='lat' dir='ltr'><strong>Laurencius</strong></span> <span class='ocrx_word' id='word_1_221' title='bbox 598 4306 708 4354; x_wconf 89' lang='lat' dir='ltr'><strong>contra</strong></span> <span class='ocrx_word' id='word_1_222' title='bbox 722 4292 865 4354; x_wconf 87' lang='lat' dir='ltr'><strong>relictam</strong></span> <span class='ocrx_word' id='word_1_223' title='bbox 876 4291 1035 4354; x_wconf 88' lang='lat' dir='ltr'><strong>Leonardi</strong></span> <span class='ocrx_word' id='word_1_224' title='bbox 1047 4305 1159 4353; x_wconf 88' lang='lat' dir='ltr'><strong>octavo</strong></span> <span class='ocrx_word' id='word_1_225' title='bbox 1174 4290 1225 4352; x_wconf 91' lang='lat' dir='ltr'><strong>die</strong></span> <span class='ocrx_word' id='word_1_226' title='bbox 1240 4289 1458 4372; x_wconf 87' lang='lat' dir='ltr'><strong>respondebit.</strong></span> 
     </span>
    </p>

    <p class='ocr_par' dir='ltr' id='par_1_10' title="bbox 142 4396 1456 4588">
     <span class='ocr_line' id='line_1_37' title="bbox 303 4396 1456 4480; baseline -0.003 -21"><span class='ocrx_word' id='word_1_227' title='bbox 303 4398 380 4460; x_wconf 92' lang='lat' dir='ltr'><strong>Item</strong></span> <span class='ocrx_word' id='word_1_228' title='bbox 414 4399 553 4463; x_wconf 87' lang='lat' dir='ltr'><strong>Iacobus</strong></span> <span class='ocrx_word' id='word_1_229' title='bbox 584 4396 713 4480; x_wconf 84' lang='lat' dir='ltr'><strong>pellifex</strong></span> <span class='ocrx_word' id='word_1_230' title='bbox 736 4411 767 4460; x_wconf 89' lang='lat' dir='ltr'><strong>et</strong></span> <span class='ocrx_word' id='word_1_231' title='bbox 798 4398 959 4461; x_wconf 90' lang='lat' dir='ltr'><strong>Johannes</strong></span> <span class='ocrx_word' id='word_1_232' title='bbox 983 4409 1092 4460; x_wconf 90' lang='lat' dir='ltr'><strong>contra</strong></span> <span class='ocrx_word' id='word_1_233' title='bbox 1126 4397 1210 4458; x_wconf 87' lang='lat' dir='ltr'><strong>Scuk</strong></span> <span class='ocrx_word' id='word_1_234' title='bbox 1234 4396 1339 4479; x_wconf 82' lang='lat' dir='ltr'><strong>prImo</strong></span> <span class='ocrx_word' id='word_1_235' title='bbox 1370 4396 1456 4458; x_wconf 87' lang='lat' dir='ltr'><strong>citati</strong></span> 
     </span>
     <span class='ocr_line' id='line_1_38' title="bbox 142 4489 544 4588; baseline 0.007 -25"><span class='ocrx_word' id='word_1_236' title='bbox 142 4489 266 4562; x_wconf 66' lang='lat'>¹¹01]</span> <span class='ocrx_word' id='word_1_237' title='bbox 288 4517 544 4588; x_wconf 85' lang='lat' dir='ltr'><strong>comparuerunt.</strong></span> 
     </span>
    </p>

    <p class='ocr_par' dir='ltr' id='par_1_11' title="bbox 301 4607 1364 4693">
     <span class='ocr_line' id='line_1_39' title="bbox 301 4607 1364 4693; baseline -0.002 -21"><span class='ocrx_word' id='word_1_238' title='bbox 301 4608 378 4672; x_wconf 91' lang='lat' dir='ltr'><strong>Item</strong></span> <span class='ocrx_word' id='word_1_239' title='bbox 402 4610 504 4673; x_wconf 89' lang='lat' dir='ltr'><strong>MaIar</strong></span> <span class='ocrx_word' id='word_1_240' title='bbox 527 4625 637 4673; x_wconf 90' lang='lat' dir='ltr'><strong>contra</strong></span> <span class='ocrx_word' id='word_1_241' title='bbox 663 4609 794 4672; x_wconf 91' lang='lat' dir='ltr'><strong>Gallum</strong></span> <span class='ocrx_word' id='word_1_242' title='bbox 818 4611 922 4693; x_wconf 81' lang='lat' dir='ltr'><strong>prImo</strong></span> <span class='ocrx_word' id='word_1_243' title='bbox 947 4611 1060 4673; x_wconf 89' lang='lat' dir='ltr'><strong>citatus</strong></span> <span class='ocrx_word' id='word_1_244' title='bbox 1084 4630 1149 4672; x_wconf 87' lang='lat' dir='ltr'><strong>non</strong></span> <span class='ocrx_word' id='word_1_245' title='bbox 1174 4607 1364 4692; x_wconf 89' lang='lat' dir='ltr'><strong>comparuit.</strong></span> 
     </span>
    </p>

    <p class='ocr_par' dir='ltr' id='par_1_12' title="bbox 301 4714 1456 4799">
     <span class='ocr_line' id='line_1_40' title="bbox 301 4714 1456 4799; baseline -0.003 -22"><span class='ocrx_word' id='word_1_246' title='bbox 301 4715 379 4779; x_wconf 92' lang='lat' dir='ltr'><strong>Item</strong></span> <span class='ocrx_word' id='word_1_247' title='bbox 392 4717 511 4780; x_wconf 89' lang='lat' dir='ltr'><strong>Mathei</strong></span> <span class='ocrx_word' id='word_1_248' title='bbox 538 4764 545 4780; x_wconf 97' lang='lat'><strong>.</strong></span> <span class='ocrx_word' id='word_1_249' title='bbox 571 4766 578 4781; x_wconf 97' lang='lat'><strong>.</strong></span> <span class='ocrx_word' id='word_1_250' title='bbox 604 4764 612 4781; x_wconf 93' lang='lat'><strong>.</strong></span> <span class='ocrx_word' id='word_1_251' title='bbox 637 4731 747 4779; x_wconf 90' lang='lat' dir='ltr'><strong>contra</strong></span> <span class='ocrx_word' id='word_1_252' title='bbox 772 4718 915 4779; x_wconf 89' lang='lat' dir='ltr'><strong>Marcum</strong></span> <span class='ocrx_word' id='word_1_253' title='bbox 934 4717 1038 4799; x_wconf 91' lang='lat' dir='ltr'><strong>primo</strong></span> <span class='ocrx_word' id='word_1_254' title='bbox 1055 4717 1169 4779; x_wconf 91' lang='lat' dir='ltr'><strong>citatus</strong></span> <span class='ocrx_word' id='word_1_255' title='bbox 1184 4735 1249 4777; x_wconf 89' lang='lat' dir='ltr'><strong>nou</strong></span> <span class='ocrx_word' id='word_1_256' title='bbox 1266 4714 1456 4795; x_wconf 90' lang='lat' dir='ltr'><strong>comparuit.</strong></span> 
     </span>
    </p>

    <p class='ocr_par' dir='ltr' id='par_1_13' title="bbox 301 4820 1412 4945">
     <span class='ocr_line' id='line_1_41' title="bbox 301 4820 1412 4945; baseline -0.004 -61"><span class='ocrx_word' id='word_1_257' title='bbox 301 4820 377 4886; x_wconf 92' lang='lat' dir='ltr'><strong>Item</strong></span> <span class='ocrx_word' id='word_1_258' title='bbox 402 4843 495 4886; x_wconf 85' lang='lat' dir='ltr'><strong>causa</strong></span> <span class='ocrx_word' id='word_1_259' title='bbox 519 4824 602 4885; x_wconf 88' lang='lat' dir='ltr'><strong>Petri</strong></span> <span class='ocrx_word' id='word_1_260' title='bbox 629 4824 685 4885; x_wconf 87' lang='lat' dir='ltr'><strong>Sar</strong></span> <span class='ocrx_word' id='word_1_261' title='bbox 707 4838 816 4886; x_wconf 89' lang='lat' dir='ltr'><strong>contra</strong></span> <span class='ocrx_word' id='word_1_262' title='bbox 836 4823 981 4906; x_wconf 86' lang='lat' dir='ltr'><strong>Mathyas</strong></span> <span class='ocrx_word' id='word_1_263' title='bbox 1005 4823 1043 4884; x_wconf 88' lang='lat' dir='ltr'><strong>ad</strong></span> <span class='ocrx_word' id='word_1_264' title='bbox 1070 4843 1180 4905; x_wconf 88' lang='lat' dir='ltr'><strong>pacem</strong></span> <span class='ocrx_word' id='word_1_265' title='bbox 1207 4836 1253 4883; x_wconf 88' lang='lat' dir='ltr'><strong>est</strong></span> <span class='ocrx_word' id='word_1_266' title='bbox 1276 4834 1412 4945; x_wconf 59' lang='lat' dir='ltr'><strong>recepta.</strong></span> 
     </span>
    </p>
   </div>
   <div class='ocr_carea' id='block_1_9' title="bbox 0 0 1706 5362">
    <p class='ocr_par' dir='ltr' id='par_1_14' title="bbox 0 0 1706 5362">
     <span class='ocr_line' id='line_1_42' title="bbox 0 0 1706 5362; baseline 0 0"><span class='ocrx_word' id='word_1_267' title='bbox 0 0 1706 5362; x_wconf 95' lang='lat' dir='ltr'><strong> </strong></span> 
     </span>
    </p>
   </div>
  </div>
 </body>
</html>
