3398 5364
579 293 780 374 Ann01378.
804 330 846 340 -
869 311 919 358 10.
943 297 1117 370 septembris.
1424 318 1481 379 153

323 508 402 570 ltem
426 507 585 569 Renarius
608 519 718 569 contra
750 507 930 569 lohannem
964 507 1081 568 Lieber
1104 520 1218 570 octavo
1250 507 1303 569 die
1336 528 1393 590 per
1416 509 1484 570 Ma-

219 613 317 676 thiam
343 615 407 676 Res
430 626 462 675 et
485 612 666 674 iohannem
689 613 838 675 stestabit
861 612 950 694 quod
975 613 1080 695 ipsum
1104 615 1329 676 verberaverit.

324 719 402 782 ltem
425 737 519 781 causa
552 718 678 780 Nicolai
709 732 741 780 et
764 717 940 801 Mychaelis
969 731 1018 780 est
1045 738 1103 801 per
1125 733 1221 780 testes
1252 720 1293 781 ad
1318 735 1391 782 octo
1415 720 1484 782 dies

219 837 343 908 recepta
368 824 409 886 ad
432 843 556 906 pacem.

320 930 400 993 ltem
425 929 543 1014 Gyuan
567 943 678 992 contra
703 929 850 991 Markum
876 930 980 1011 primo
1006 931 1119 993 citatus
1143 950 1208 992 non
1233 932 1423 1014 comparuit.

321 1037 400 1100 ltem
433 1035 594 1116 Georgius
625 1049 735 1097 contra
768 1035 962 1116 Gregorium
994 1049 1110 1099 octavo
1141 1037 1193 1098 die
1224 1056 1281 1118 per
1311 1037 1483 1100 Nicolaum

219 1141 339 1206 Odolas
363 1156 395 1205 et
418 1141 599 1204 Johannem
623 1141 771 1203 atestabit
794 1160 889 1223 super
905 1141 1045 1223 quadam
1070 1161 1219 1225 sumpma
1243 1142 1438 1224 pecuniaria.

323 1248 403 1311 ltem
428 1248 513 1309 lwan
538 1260 648 1309 contra
673 1246 781 1330 Erney
813 1260 927 1308 octavo
959 1246 1012 1308 die
1036 1267 1069 1308 se
1101 1248 1219 1310 tercius
1242 1248 1371 1331 jurabit,
1395 1249 1483 1331 quod

217 1353 320 1436 ipsum
345 1373 411 1416 non
437 1352 653 1415 verberaverit
676 1372 736 1414 nec
768 1372 863 1414 suum
892 1352 1038 1434 gladium
1071 1355 1293 1436 potencialiter
1319 1355 1483 1438 receperit.

321 1458 400 1520 ltem
425 1478 521 1521 causa
545 1458 683 1520 Mathias
706 1471 738 1520 et
761 1458 890 1520 Thome
915 1473 962 1520 est
984 1479 1042 1542 per
1068 1460 1271 1524 Clementem
1289 1475 1320 1522 et
1336 1460 1482 1522 Pundich

218 1564 256 1626 ad
280 1578 355 1627 octo
380 1564 449 1626 dies
473 1576 599 1647 recepta
623 1563 664 1626 ad
687 1583 811 1646 pacem.

320 1670 401 1732 Item
424 1670 541 1733 ancilla
565 1670 695 1732 Andree
727 1684 837 1733 contra
861 1672 1031 1733 Marenum
1054 1691 1087 1733 se
1116 1686 1202 1734 sexta
1225 1672 1344 1754 jurabit
1367 1687 1481 1735 octavo

215 1776 265 1840 die
289 1778 323 1839 in
348 1797 399 1857 eo,
423 1777 512 1859 quod
535 1777 604 1859 ipsa
629 1777 661 1838 in
686 1778 838 1839 omnibus
860 1777 900 1840 sit
924 1778 1056 1841 innoxia
1081 1792 1113 1841 et
1136 1780 1298 1842 immunis.

323 1884 401 1945 ltem
426 1903 521 1946 causa
536 1882 667 1945 Andree
692 1898 723 1945 et
747 1884 870 1946 Mareni
899 1898 945 1945 est
971 1904 1029 1967 per
1052 1883 1175 1966 judices
1189 1899 1263 1968 post
1285 1884 1483 1948 vindemiam

217 1988 256 2049 ad
282 1988 424 2070 primum
448 1987 605 2069 judicium
629 2002 810 2071 prorogata.

322 2094 401 2156 ltem
417 2094 516 2158 Liber
532 2095 694 2157 lohannes
711 2107 821 2158 contra
834 2097 1013 2159 Renarium
1030 2096 1147 2179 jurabit
1163 2098 1252 2180 quod
1265 2117 1360 2180 super
1376 2098 1481 2181 ipsum

212 2200 336 2261 nullam
361 2200 566 2284 vyolenciam
589 2199 725 2264 fecisset.

317 2306 397 2369 ltem
421 2326 515 2369 causa
540 2307 664 2369 domini
689 2308 830 2392 Philippi
862 2323 894 2372 et
916 2310 1092 2372 Alexandri
1117 2323 1163 2372 est
1187 2325 1259 2392 post
1282 2311 1480 2373 vindemiam

213 2412 252 2473 ad
275 2412 416 2494 primum
441 2413 598 2495 judicium
621 2434 679 2497 per
702 2414 824 2496 judices
850 2431 1033 2499 prorogata.

317 2518 396 2581 ltem
412 2519 575 2581 lohannes
605 2521 734 2583 vineam
758 2522 898 2584 Vardich
931 2522 1028 2585 debet
1054 2523 1252 2585 vindemiare
1283 2524 1424 2587 totaliter
1447 2539 1479 2587 et

211 2638 282 2705 post
305 2624 504 2687 vindemiam
527 2625 710 2708 relinquere
735 2628 872 2690 eandem
897 2629 1080 2691 Laurencio
1110 2629 1249 2692 Vardich
1273 2645 1304 2692 et
1327 2631 1481 2708 domum;

214 2730 315 2813 ipsam
340 2744 449 2793 autem
466 2751 595 2795 causam
612 2733 699 2795 idem
717 2734 914 2796 Laurencius
930 2735 971 2797 ad
991 2735 1142 2818 antiquos
1157 2735 1280 2817 judices
1295 2737 1480 2820 appellavit.

315 2837 484 2919 ltemquia
510 2836 663 2920 Gyurgek
689 2839 721 2901 in
745 2859 804 2901 suo
827 2841 1014 2902 testimonio
1048 2856 1157 2903 contra
1182 2842 1329 2926 Zitarych
1354 2842 1481 2921 defecit,

215 2959 288 3023 ergo
312 2942 414 3025 ipsam
439 2962 567 3005 causam
593 2945 728 3007 omnino
752 2946 904 3027 perdidit.

321 3048 400 3110 ltem
431 3048 585 3111 Nicolsus
616 3049 701 3112 filius
724 3051 851 3113 Nicolai
882 3067 992 3114 contra
1026 3054 1192 3116 Marenum
1225 3053 1343 3135 jurabit
1365 3069 1479 3118 octavo

218 3151 266 3214 die
289 3173 387 3236 super
410 3174 460 3233 eo,
484 3156 572 3237 quod
598 3156 665 3238 ipse
698 3177 757 3219 nec
780 3177 836 3219 sua
862 3178 941 3221 uxor
974 3160 1035 3221 sibi
1061 3160 1195 3242 aliquod
1223 3161 1400 3244 dampnum
1432 3163 1479 3223 in·

215 3258 368 3323 tulissent.

315 3365 396 3428 ltem
421 3385 501 3428 uxor
532 3367 600 3429 Juri
633 3368 805 3431 Dominico
837 3383 960 3452 septem
992 3371 1106 3432 starios
1136 3370 1211 3431 salis
1243 3370 1274 3432 in
1306 3372 1479 3454 quindenis

217 3471 396 3550 persolvere
421 3472 526 3536 debet.

319 3576 399 3640 ltem
416 3579 564 3661 Zytsrich
583 3580 747 3642 Clementi
765 3581 910 3663 quinque
924 3601 1046 3644 marcas
1068 3582 1100 3642 in
1117 3583 1290 3664 quindenis
1307 3584 1478 3666 persolvet.

316 3684 395 3746 ltem
418 3684 603 3748 Anthonius
626 3685 748 3767 juratus
764 3700 874 3750 contra
891 3687 1066 3749 Renarium
1084 3700 1198 3750 octavo
1223 3689 1275 3751 die
1300 3709 1358 3772 per
1381 3690 1478 3752 Nico·

213 3787 297 3852 laum
321 3803 353 3853 et
376 3791 545 3853 Miclinum
568 3791 689 3874 juratos
712 3793 869 3872 atestsbit‚
894 3793 983 3874 quod
1008 3794 1112 3875 ipsum
1138 3795 1375 3877 vituperaverit.

315 3895 418 3958 Nota!
443 3898 532 3979 quod
560 3898 712 3960 dominus
743 3914 854 3962 cantor
878 3901 910 3961 in
942 3919 1078 3981 persona
1111 3900 1242 3962 domine
1277 3901 1478 3983 Margarethe

213 4002 319 4065 relicte
344 4003 471 4065 Berend
494 4005 660 4067 universas
686 4007 904 4088 possessiones
927 4020 958 4068 et
978 4007 1098 4086 debita,
1121 4008 1147 4068 si
1172 4027 1235 4089 qua
1262 4006 1379 4086 forent,
1403 4028 1477 4091 pro·

212 4103 312 4170 hibuit
334 4122 366 4171 et
390 4109 554 4172 interdixit
576 4110 721 4173 Francha
746 4110 944 4174 aurifabrum
962 4127 993 4174 et
1017 4113 1169 4196 Gyurgek
1194 4134 1212 4175 a
1238 4114 1427 4195 recepcione
1445 4127 1478 4176 et

211 4212 289 4275 slios
311 4234 330 4275 a
354 4215 532 4294 solucione,
554 4216 611 4278 sed
636 4236 694 4299 pro
720 4218 835 4280 eadem
858 4219 990 4280 domina
1025 4233 1056 4280 et
1080 4217 1174 4282 fratre
1199 4239 1258 4282 suo
1292 4220 1396 4282 voluit
1427 4239 1477 4282 re·

214 4336 348 4382 servare.

312 4425 392 4488 ltem
416 4427 535 4490 Paulus
558 4443 647 4491 sutor
670 4443 781 4492 contra
804 4430 968 4492 Thomam
992 4432 1135 4494 secundo
1160 4433 1273 4496 citatus
1298 4453 1364 4494 non
1388 4452 1475 4494 com·

210 4531 323 4611 paruit.

314 4638 393 4700 ltem
417 4640 536 4702 Paulus
560 4641 700 4704 carnifex
717 4657 825 4705 contra
850 4663 900 4704 ser
916 4644 1127 4706 Benedictum
1152 4645 1256 4726 primo
1273 4646 1386 4707 citatus
1410 4665 1475 4709 non

213 4745 402 4827 comparuit.
