3404 5362
619 105 706 162 Anno
729 114 818 182 1375.
841 138 886 150 -
907 115 957 182 27.
974 105 1136 180 februar-ti·
1495 126 1511 188 3

247 317 323 378 niter
348 315 511 399 probavit,
542 315 630 398 quod
656 314 833 397 Gregorius
864 314 997 377 Scortha
1021 315 1054 377 in
1085 316 1151 378 suis
1175 316 1334 395 extremis,
1358 329 1431 399 post
1459 315 1514 378 de·

246 442 368 484 cessum
393 442 527 485 suorum
551 421 720 500 heredum,
741 421 857 484 domos
887 434 919 484 et
941 422 1004 484 alia
1033 424 1119 484 bona
1148 422 1290 486 Martino
1314 422 1514 505 carpentario

245 529 439 605 dimisisset3
464 528 519 590 sed
543 527 707 590 lohannes
729 528 819 591 testis
842 528 1018 611 cespitavit.

352 634 431 695 Item
457 635 613 696 Martinus
636 633 725 696 faber
741 635 927 696 testimonio
944 634 1083 697 duorum
1105 635 1327 718 comprobavit
1343 635 1412 719 ipsa
1428 636 1514 697 bona

244 741 405 803 dimisisse
429 761 486 823 per
508 740 688 823 predictum
713 739 907 823 Gregorium
928 741 1001 802 filiis
1025 740 1129 803 fratris
1144 742 1212 818 sui;
1237 761 1272 803 ac
1297 741 1429 803 demum
1446 740 1515 824 ipsa

246 868 342 909 causa
367 848 408 908 ad
434 846 607 909 adventum
632 847 747 929 judicis
771 847 811 909 ad
838 847 979 930 primurn
1004 847 1159 929 judicium
1184 861 1230 910 est
1253 862 1435 931 prorogata.

354 954 431 1015 ltem
456 953 642 1016 testimonio
666 954 812 1015 Barnabe
847 954 1022 1016 sacerdotis
1054 955 1168 1016 Jakmo
1200 953 1344 1016 medicus
1368 972 1516 1036 compro·

244 1061 334 1122 bavit
347 1080 405 1141 per
418 1059 581 1141 quandam
594 1061 775 1139 mulierem,
789 1080 846 1144 per
862 1061 967 1142 ipsum
984 1060 1183 1122 sacerdotem
1200 1061 1408 1142 incognitam,
1425 1080 1515 1122 suam

244 1167 421 1229 clamidem
456 1167 590 1247 misisse,
615 1187 673 1250 pro
705 1167 796 1229 cuius
823 1166 1050 1248 redempcione
1082 1180 1221 1247 quatuor
1244 1165 1313 1229 flor.
1343 1166 1515 1248 persolvet.

354 1274 434 1336 ltem
457 1275 545 1336 idem
569 1275 650 1336 Jaho
674 1273 818 1336 medicus
842 1286 956 1336 octavo
988 1272 1039 1334 die
1063 1273 1181 1357 jurabit
1212 1293 1244 1334 se
1268 1272 1385 1334 tercius
1408 1272 1440 1334 in
1466 1291 1516 1352 eo,

242 1380 336 1462 quod
362 1381 429 1463 ipse
454 1381 554 1443 nescit
577 1378 681 1442 iurem
706 1381 806 1463 ipsius
829 1380 878 1442 sui
902 1379 1059 1442 clamidis.

354 1487 433 1548 Item
455 1486 601 1548 Andreas
625 1486 665 1549 de
682 1485 924 1549 Chernomerch
947 1486 979 1546 in
997 1484 1170 1567 quindenis
1187 1485 1321 1568 Symoni
1347 1483 1415 1547 filio
1432 1485 1516 1568 Zyrk

241 1609 310 1656 tres
334 1612 457 1654 marcas
481 1592 699 1672 denariorum,
725 1592 903 1674 cingulum,
927 1592 1098 1654 biccellum
1123 1606 1155 1654 et
1178 1591 1349 1654 clamidem
1375 1593 1518 1654 exsolvet

241 1720 280 1762 ac
308 1699 440 1761 demum
464 1699 606 1783 judicem
630 1698 854 1782 complacabit.

354 1806 432 1867 Item
457 1825 551 1867 causa
581 1805 690 1868 relicte
714 1805 875 1887 organiste
898 1806 1026 1869 racione
1051 1805 1218 1868 cuiusdam
1249 1804 1379 1888 forpicis
1405 1805 1516 1870 estad

240 1927 321 1974 octo
346 1911 415 1973 dies
441 1924 625 1994 prorogata.

353 2016 432 2079 ltem
457 2017 596 2080 lacobus
619 2037 653 2080 se
675 2017 836 2081 secundus
857 2018 975 2102 jurabit
1009 2033 1123 2081 octavo
1155 2019 1207 2082 die
1232 2038 1327 2101 super
1350 2038 1402 2100 eo,
1427 2017 1516 2101 quod

239 2128 354 2208 ipsum
379 2123 521 2187 famulus
545 2125 676 2188 Martini
701 2125 848 2207 Hungari
871 2125 1081 2188 vulnerasset.

353 2232 432 2294 ltem
456 2235 551 2293 Anna
575 2244 690 2294 octavo
714 2231 767 2294 die
791 2251 847 2314 per
870 2232 1042 2293 Nicolaum
1074 2232 1232 2311 Alichich,
1257 2233 1392 2294 luanum
1417 2231 1516 2296 Osur·

240 2336 386 2400 michich
410 2337 632 2400 testimonium
655 2337 813 2421 producet
835 2351 944 2400 contra
974 2338 1171 2400 Peterlinum
1203 2358 1298 2421 super
1320 2339 1423 2401 tribus
1445 2337 1516 2402 flor.

240 2458 274 2507 et
302 2463 368 2505 uno
393 2463 480 2507 arcu.

353 2549 433 2613 ltem
456 2550 575 2612 Paulus
598 2563 709 2612 contra
732 2549 903 2613 luaninum
927 2566 1042 2615 octavo
1066 2551 1119 2614 die
1143 2550 1359 2633 respondebit.

354 2656 435 2720 ltem
464 2670 579 2719 octavo
614 2657 683 2720 die'
703 2657 859 2719 Martinus
893 2655 982 2720 faber
1016 2657 1173 2740 producet
1203 2657 1422 2720 testimonium
1459 2676 1515 2740 per

241 2763 450 2845 Stephanum
474 2761 631 2843 Pundicb,
656 2761 850 2845 Gregorium
874 2764 991 2846 Angeli
1024 2778 1056 2826 et
1078 2764 1251 2826 Nicolaum
1276 2763 1401 2826 Odolas
1424 2762 1515 2846 quod

242 2872 412 2932 Barnabas
441 2869 591 2932 sacerdos
621 2870 805 2933 asseruisset
834 2890 942 2932 coram
976 2871 1061 2952 ipsis,
1094 2870 1225 2931 univers
1250 2871 1334 2932 bona
1367 2867 1515 2951 Gregorii

242 2975 384 3039 Scortha
415 2974 490 3037 filiis
511 2973 616 3038 fratris
638 2976 688 3038 sui
712 2975 884 3039 dimisisset
907 2977 939 3038 in
963 2977 1029 3038 suis
1052 2977 1202 3039 extremis
1226 2989 1257 3038 et
1281 2976 1425 3058 legasset.

354 3081 432 3145 ltem
458 3102 552 3145 causa
576 3082 685 3145 Petres
708 3096 740 3146 et
761 3083 890 3145 Prizore
915 3082 1026 3145 estad
1050 3096 1123 3145 octo
1147 3082 1215 3144 dies
1243 3094 1423 3164 prorogata.

354 3187 433 3250 ltem
458 3208 551 3250 causa
576 3188 644 3250 Ban
667 3188 794 3251 Nicolai
819 3201 850 3251 et
874 3188 983 3251 Sibich
1008 3188 1118 3251 estad
1142 3208 1237 3250 suurn
1261 3189 1436 3250 adventum
1459 3207 1516 3271 per

238 3293 451 3358 Anthonium
474 3293 578 3356 Reniz
601 3293 642 3356 ad
666 3307 740 3356 octo
765 3294 834 3357 dies
857 3309 982 3378 recepta
1007 3295 1047 3357 ad
1071 3315 1195 3378 pacem.

353 3400 433 3463 ltem
466 3399 651 3463 Anthonius
685 3413 774 3463 sutor
809 3413 920 3463 contra
952 3400 1130 3484 Georgium
1163 3402 1268 3486 primo
1302 3402 1415 3463 citatus
1447 3422 1514 3465 non

237 3506 437 3590 comparuit.

352 3612 433 3676 ltem
457 3632 551 3676 causa
574 3613 684 3676 relicte
707 3614 867 3697 organiste
888 3633 927 3677 eo
952 3614 1040 3697 quod
1058 3613 1197 3697 iudicem
1221 3613 1450 3695 vituperaverit
1467 3627 1514 3675 est

236 3740 303 3805 per
327 3719 529 3802 Stephanum
553 3719 693 3800 laxead
717 3733 791 3783 octo
815 3719 884 3782 dies
907 3736 1033 3804 recepta
1057 3720 1098 3783 ad
1121 3740 1244 3803 pacem.

435 3936 534 4013 terta
560 3943 669 4014 tercia
695 3944 852 4033 proxima
880 3948 956 4032 post
983 3941 1106 4013 festum
1134 3941 1331 4031 predictum.

758 4092 824 4175 (27.
840 4093 1017 4176 februaria).

351 4232 463 4296 Primo
485 4233 632 4297 Andreas
660 4232 746 4297 filius
768 4234 894 4297 Nicolai
926 4247 1036 4296 contra
1060 4233 1233 4296 Lucasium
1263 4234 1372 4317 primo
1396 4234 1510 4296 citatus

234 4361 309 4405 non
335 4339 527 4422 comparuit.

350 4445 431 4509 ltem
461 4464 556 4511 csuss
577 4446 713 4531 Dyonisi
745 4445 826 4509 labri
850 4460 881 4509 et
909 4446 1048 4529 quedam
1079 4448 1224 4509 mulieris
1257 4461 1304 4509 est
1327 4467 1384 4529 per
1408 4448 1512 4508 Mare-

235 4571 321 4617 num
340 4551 382 4614 ad
399 4565 474 4614 octo
498 4551 567 4614 dies
582 4566 708 4636 recepta
718 4552 759 4614 ad
773 4572 896 4635 pacem,
913 4572 972 4636 pro
986 4574 1049 4637 qua
1066 4555 1201 4616 muliere
1215 4554 1317 4617 Cursa
1330 4552 1511 4677 fideiubuit.
