3404 5362
239 360 299 424 ¹94
623 339 820 421 Ann01383.
847 377 885 387 —-
914 358 961 422 14.
986 347 1099 419 aprilis.

335 556 413 618 lrem
438 557 590 618 Nicolaus
614 569 722 617 contra
750 556 963 617 laurencium
994 555 1132 638 juratum
1158 558 1263 640 primo
1287 558 1405 621 ciratus
1428 578 1490 620 non

228 665 416 747 comparuit.

333 771 410 832 Item
436 768 598 831 lohannes
630 767 714 829 lilius
747 767 865 829 Donati
898 783 1007 831 contra
1044 767 1222 853 Georgium
1255 769 1355 832 Loter
1378 785 1489 833 octavo

227 879 279 940 die
304 876 520 959 respondebit.

333 984 410 1045 Item
443 983 600 1044 Martinus
632 981 788 1063 Zelryrich
820 995 931 1043 contra
964 981 1144 1044 Iohannem
1178 982 1274 1044 Liber
1296 996 1415 1046 octavo
1441 984 1489 1045 die

229 1090 445 1173 respondebit.

331 1198 409 1259 Item
435 1196 547 1257 Petrus
571 1209 681 1256 contra
706 1193 784 1256 Osie
807 1195 912 1276 prImo
937 1195 1050 1257 citatus
1075 1214 1140 1257 non
1164 1194 1357 1277 comparuit.

331 1304 408 1366 Item
435 1302 545 1363 Petrus
569 1315 669 1362 sartor
693 1315 803 1362 contra
829 1300 1009 1362 Iohannem
1034 1301 1140 1382 primo
1164 1301 1278 1364 citatus
1311 1321 1377 1364 non
1402 1322 1488 1365 com-

226 1411 341 1494 paruit.

332 1518 409 1579 Item
435 1537 529 1578 causa
556 1515 645 1576 Pauli
671 1514 802 1596 pictoris
825 1527 935 1575 contra
953 1515 1083 1576 Petrum
1107 1514 1147 1576 ad
1171 1529 1323 1578 octavum
1347 1516 1435 1579 diem
1452 1517 1488 1578 ad

225 1644 337 1708 pacem
363 1638 409 1684 est
433 1636 569 1705 recepta.

331 1731 407 1791 Item
428 1730 541 1791 Paulas
558 1743 667 1790 contra
682 1729 797 1811 Elyam
814 1747 948 1809 parvum
963 1727 1068 1809 prImo
1081 1727 1195 1790 citatus
1212 1747 1277 1789 non
1294 1729 1483 1812 comparuit.

331 1838 407 1899 Item
441 1836 572 1897 domina
604 1835 714 1896 relicta
747 1834 876 1895 Thome
909 1833 948 1894 de
981 1833 1158 1916 Oporouch
1190 1834 1347 1916 quasdam
1372 1834 1485 1897 domus

224 1965 297 2006 suas
321 1963 422 2025 usque
448 1942 626 2023 quindenas
650 1963 667 2002 a
693 1940 871 2002 Laurencio
897 1939 1000 2019 jurato
1024 1940 1183 2003 redImere
1207 1940 1313 2003 debet.

331 2051 408 2111 Item
427 2048 573 2131 Mychael
591 2047 676 2109 lilius
694 2047 841 2130 Damiasni
860 2066 916 2128 per
934 2045 1105 2108 Hernicum
1122 2046 1306 2130 pellificem‚
1332 2048 1485 2111 Iacobum

225 2157 361 2240 Kupych
387 2156 448 2216 hoc
474 2169 588 2216 octavo
613 2154 665 2215 die
690 2153 848 2231 atestabit,
873 2153 961 2233 quod
993 2153 1124 2215 domina
1150 2153 1318 2215 EIIzabeth
1336 2155 1487 2237 quasdam

223 2265 329 2327 literas
352 2284 410 2346 pro
435 2263 491 2325 CL
518 2262 631 2323 marcis
654 2261 898 2341 inpignorasset.

329 2370 406 2432 Item
438 2369 569 2430 domina
602 2386 733 2429 consors
757 2365 919 2426 DomInici
952 2366 1084 2447 pictoris
1115 2379 1230 2428 octavo
1254 2367 1307 2429 die
1332 2369 1434 2430 tercio
1457 2387 1486 2430 se

222 2497 315 2559 super
340 2495 378 2538 eo
403 2476 530 2556 jurabit,
555 2473 642 2554 quod
668 2473 736 2554 ipsa
761 2473 792 2532 in
817 2471 959 2552 quodam
984 2470 1148 2533 furticinio
1173 2472 1330 2536 innocens
1354 2475 1404 2538 sit.

328 2583 407 2643 Item
433 2580 612 2662 Stephanus
636 2580 702 2640 Rez
735 2578 774 2639 de
800 2579 852 2639 illa
885 2578 1021 2660 pecunia
1049 2599 1122 2641 cum
1156 2598 1219 2661 qua
1244 2580 1347 2643 Paulo
1371 2581 1483 2664 pictori

221 2705 357 2767 tenetur,
382 2708 482 2749 unum
507 2708 561 2748 vas
582 2688 647 2748 vitri
672 2684 831 2747 defalcare
856 2685 961 2747 debet.

327 2797 405 2855 Item
431 2793 548 2854 l'aulus
572 2793 674 2875 pictor
707 2813 762 2874 per
794 2793 922 2854 Petrum
956 2805 1123 2871 sartorem,
1148 2791 1312 2854 Thomam
1345 2792 1482 2874 juratum

222 2919 252 2966 et
277 2903 429 2965 Mathiam
456 2901 517 2962 hoc
542 2901 688 2962 atestahit
713 2915 826 2960 octavo
851 2899 914 2977 die,
947 2898 1035 2980 quod
1061 2899 1127 2981 ipse
1153 2918 1293 2960 unacum
1322 2900 1485 2983 Stephano

222 3012 288 3072 Rez
314 3010 345 3070 in
370 3007 508 3089 quadam
534 3026 627 3067 causa
652 3006 859 3067 concordiam
887 3004 1059 3066 habuisset.

327 3115 403 3176 Item
429 3134 523 3176 causa
550 3112 670 3175 Mathie
694 3112 787 3193 jurati
821 3125 930 3173 contra
956 3112 1039 3172 Ilees
1071 3110 1110 3173 ad
1128 3109 1247 3173 'leriam
1280 3112 1416 3174 terciam
1442 3128 1486 3174 est

221 3237 401 3304 prorogata.

326 3329 403 3388 Item
429 3327 573 3388 'I'homas
604 3341 714 3387 contra
747 3324 854 3387 Mathe
887 3325 985 3385 I‘azar
1009 3343 1064 3406 per
1094 3322 1359 3386 commisannem
1393 3323 1485 3406 jurati

220 3435 251 3495 in
277 3433 397 3514 judicIo
422 3453 486 3494 non
511 3433 702 3516 comparuit.

300 3652 396 3726 Faria
425 3656 532 3725 tercia
560 3656 715 3742 proxima
743 3662 819 3743 post
847 3660 988 3725 octavas
1017 3653 1094 3723 festi
1123 3651 1213 3724 beati
1243 3649 1416 3726 Ambrosii

739 3778 952 3848 confessoris.

744 3932 805 4009 (14.
825 3931 954 4005 aprilis).

323 4075 401 4137 Item
439 4074 614 4135 Damianus
650 4073 749 4155 pistor
785 4087 895 4133 contra
937 4070 1084 4132 Matheus
1118 4070 1225 4151 primo
1264 4070 1380 4133 citatus
1416 4090 1481 4132 non

216 4194 407 4263 comparuit.

322 4287 399 4348 Item
425 4306 518 4347 causa
544 4286 642 4347 Marci
668 4284 789 4347 Gemze
813 4297 922 4346 contra
948 4283 1061 4365 Cygan
1087 4283 1126 4344 ad
1152 4295 1303 4344 octavum
1328 4282 1416 4345 diem
1442 4283 1482 4345 ad

216 4412 328 4474 pacem
355 4407 400 4453 est
424 4405 559 4474 recepta.

321 4499 398 4561 Item
425 4498 588 4560 Johannes
610 4496 694 4558 filius
718 4497 895 4579 Mychaelis
911 4509 1020 4558 contra
1046 4496 1226 4558 Iohannem
1251 4494 1409 4558 Hermani
1428 4515 1481 4558 oc·

214 4618 288 4667 tavo
313 4606 364 4666 die
389 4604 606 4688 respondebit.

320 4712 397 4773 Item
423 4711 585 4773 Johannes
609 4711 753 4773 literatus
777 4725 891 4772 octavo
916 4710 967 4770 die
992 4731 1047 4792 per
1071 4711 1251 4773 Barnabam
1276 4710 1477 4772 sacerdotem

214 4831 244 4879 et
271 4818 397 4880 Petrum
413 4819 589 4900 plebanum
607 4818 645 4880 de
663 4831 770 4879 sancta
788 4816 989 4898 Margaretha
1006 4815 1068 4878 hoc
1084 4817 1241 4896 atestabit‚
1263 4816 1353 4899 quod
1372 4816 1477 4900 ipsum
