3404 5362
218 323 284 438 35ζ8μ
338 433 346 437 .

322 537 398 596 item
426 537 526 597 Lucas
551 534 694 595 medicus
718 549 828 595 contra
851 534 1029 594 Fabianum
1056 533 1217 595 literatum
1244 533 1351 616 primo
1369 535 1484 595 citatus

216 663 280 704 non
314 641 503 723 comparuit.

323 749 400 810 ltem
433 748 520 829 quod
553 747 627 828 quia
661 748 765 808 ln'ana
799 747 915 808 mulier
947 745 1057 807 relicta
1090 746 1215 807 Nicolai
1250 746 1282 807 id
1307 766 1365 829 per
1390 760 1485 810 testes

216 855 438 937 comprobavit
462 868 497 916 ut
513 854 578 936 ipse
597 853 749 915 Nicolaus
767 854 893 915 vineam
914 872 1004 914 suam
1023 852 1128 914 eidem
1153 852 1258 915 iwane
1275 865 1483 915 testamenta-

216 963 287 1024 liter
311 961 456 1042 legasset,
492 960 565 1020 ideo
599 960 698 1042 ipsam
732 961 859 1022 vineam
895 958 1001 1020 eidem
1034 958 1163 1020 mulieri
1189 959 1383 1040 reliquimus
1415 980 1484 1042 per·

215 1082 314 1150 petuo
339 1066 577 1150 possidendam.

321 1175 398 1237 Item
424 1174 577 1236 Nicolaus
609 1188 718 1235 contra
743 1173 944 1235 Anthonium
976 1172 1109 1257 Jursych
1134 1174 1238 1255 primo
1271 1173 1388 1235 citatus
1420 1193 1484 1235 non

215 1282 405 1365 comparuit.

319 1389 398 1450 item
423 1408 518 1451 causa
542 1388 685 1451 eiusdem
704 1386 858 1448 Anthonii
885 1401 993 1448 contra
1012 1386 1137 1448 Eerend
1161 1386 1201 1447 ad
1226 1400 1379 1448 octavum
1399 1387 1483 1448 diem

216 1495 256 1556 ad
280 1515 391 1577 pacem
418 1510 464 1558 est
486 1508 669 1578 prorogata.

322 1602 399 1664 item
425 1602 570 1663 Thomas
594 1600 767 1682 calcaripar
783 1612 898 1662 octavo
923 1599 974 1662 die
1000 1600 1099 1661 tercio
1115 1620 1147 1660 se
1165 1619 1261 1681 super
1287 1619 1327 1661 eo
1353 1599 1483 1683 jurabit,

215 1709 303 1790 quod
328 1709 394 1790 ipse
420 1710 451 1770 in
478 1707 561 1770 iacto
586 1707 752 1770 cuiusdam
778 1707 924 1770 clamidis
948 1707 1102 1768 innocens
1126 1706 1175 1769 sit.

322 1832 399 1893 Item
429 1837 542 1915 Agnya
567 1830 676 1913 puella
693 1844 806 1892 octavo
825 1831 876 1892 die
897 1830 995 1891 tercio
1013 1850 1045 1890 se
1069 1849 1219 1912 supereo
1243 1830 1375 1910 jurabit,
1393 1831 1481 1913 quod

216 1939 283 2020 ipsa
308 1938 480 2000 clamidem
506 1939 586 1999 Kata
610 1937 763 1999 servitrici
790 1937 918 1998 Thome
942 1936 1031 1998 dedit
1054 1935 1323 1998 conservandam.

322 2063 399 2124 item
425 2083 517 2124 causa
541 2062 666 2123 Nicolai
691 2061 806 2143 judicis
830 2075 860 2123 et
887 2061 1011 2122 Nicolai
1044 2060 1136 2142 jurati
1162 2073 1272 2122 contra
1298 2061 1482 2125 Johannem

214 2168 315 2231 filium
342 2169 460 2232 Donati
484 2168 523 2230 ad
549 2182 696 2230 octavum
723 2168 809 2230 diem
834 2168 874 2229 ad
898 2187 1010 2250 pacem
1036 2181 1083 2229 est
1106 2181 1244 2250 recepta.

337 2423 433 2497 Faria
462 2432 557 2497 sexta
588 2427 742 2513 proxima
770 2432 846 2513 post
875 2425 998 2496 testum
1026 2425 1134 2495 sancti
1164 2423 1352 2497 Laurencii.

321 2594 397 2655 item
422 2594 621 2676 Dragozlaus
646 2607 756 2656 contra
781 2594 973 2656 Mauricium
1001 2608 1115 2656 octavo
1141 2594 1191 2655 die
1216 2595 1439 2676 respondebit.

321 2700 399 2760 item
424 2701 577 2762 Nicolaus
602 2700 713 2762 Detrih
739 2715 847 2762 contra
876 2705 1004 2763 Annam
1031 2701 1200 2763 mulierem
1234 2702 1342 2782 primo
1368 2702 1485 2764 citatus

215 2825 279 2866 non
305 2806 493 2887 comparuit.

320 2912 399 2973 Item
425 2913 535 2973 Petrus
559 2925 667 2974 contra
693 2914 907 2975 Laurencium
932 2915 1037 2996 primo
1062 2913 1175 2975 citatus
1198 2932 1265 2974 non
1290 2913 1484 2996 comparuit.

321 3037 398 3099 item
426 3037 608 3098 Hermanus
633 3035 721 3098 faber
752 3052 862 3100 contra
888 3039 1106 3120 Dragozlaum
1136 3038 1242 3120 primo
1266 3037 1383 3099 citatus
1416 3057 1482 3099 non

214 3144 403 3225 comparuit.
1367 3140 1370 3144 “

320 3250 397 3312 item
423 3250 585 3312 Johannes
609 3250 694 3312 filius
718 3251 829 3312 militis
853 3265 962 3312 contra
989 3250 1178 3312 Mauricium
1203 3250 1347 3312 secundo
1365 3251 1483 3314 citatus

213 3377 278 3418 non
300 3358 489 3438 comparuit.

320 3463 397 3524 item
423 3483 515 3525 causa
542 3464 657 3545 judicis
681 3478 790 3525 contra
816 3461 994 3543 Georgium
1016 3463 1245 3544 calcariparum
1269 3461 1309 3523 ad
1336 3463 1481 3545 primum

213 3568 367 3649 judicium
393 3583 465 3651 post
489 3589 582 3631 suum
607 3570 781 3632 adventum
810 3582 857 3631 est
881 3583 1063 3650 prorogata.

318 3674 396 3737 Item
411 3675 579 3758 Gyaninus
593 3676 677 3738 filius
689 3675 863 3759 Mychaelis
876 3694 977 3756 usquc
991 3675 1172 3757 quindenas
1182 3673 1325 3756 Georgio
1336 3676 1486 3758 quinque

214 3781 283 3844 flor.
309 3783 376 3844 auri
401 3783 515 3845 solvet.

318 3889 396 3950 Item
420 3909 514 3951 causa
540 3889 672 3950 Fabiani
698 3903 807 3952 contra
833 3891 1013 3952 Johannem
1047 3888 1234 3971 Eozoulych
1259 3888 1299 3950 ad
1325 3902 1482 3953 octavum

213 3996 298 4057 diem
324 3995 363 4057 ad
390 4016 499 4078 pacem
527 4010 574 4058 est
601 4010 738 4084 recepta.

319 4120 397 4184 Item
423 4121 506 4183 iwan
536 4120 686 4203 Loytrich
720 4136 751 4183 et
783 4122 905 4204 Symon
938 4120 1078 4183 salivena
1101 4120 1279 4202 ‘quemdam
1312 4119 1484 4185 hominem

214 4249 230 4290 a
256 4249 321 4310 quo
346 4230 413 4310 ipse
439 4229 525 4290 lwan
551 4228 677 4289 vineam
703 4229 735 4290 in
759 4229 920 4290 territorio
941 4227 1083 4309 Capituli
1109 4227 1247 4304 emisset,
1271 4229 1369 4290 ambo
1392 4249 1486 4291 com-

215 4335 353 4395 muniter
377 4354 448 4394 cum
485 4335 628 4415 ipsorum
660 4336 806 4416 expensis
838 4334 997 4397 adducere
1030 4348 1060 4395 et
1083 4353 1142 4415 pro
1175 4334 1384 4396 emanacione
1410 4336 1484 4400 lite-

213 4460 319 4502 rarum
344 4442 439 4501 ambo
464 4461 633 4523 procurare
659 4441 811 4523 (debent).

320 4566 397 4626 [tem
422 4586 517 4646 super
548 4580 670 4647 quanto
694 4566 879 4628 Anthonius
903 4565 1024 4646 juratus
1056 4577 1146 4626 sutor
1177 4579 1291 4627 octavo
1316 4565 1369 4627 die
1394 4568 1486 4630 solus

213 4670 331 4753 jurabit
355 4685 389 4732 ut
413 4686 569 4753 quantum
599 4673 718 4734 valeret
739 4673 878 4754 quedam
912 4671 1033 4750 clamis,
1058 4671 1118 4732 hoc
1150 4671 1210 4732 sibi
1236 4669 1384 4753 Mathyas
1409 4693 1483 4755 per-

213 4775 467 4843 solvere'debet.
