3404 5362
214 327 277 388 3¹4
579 311 665 368 Anno
688 307 785 387 1389.
810 345 850 354 -
875 322 921 387 17.
946 313 1107 374 decembris.

292 526 387 600 Feria
418 532 524 601 tercia
552 532 704 618 proxima
734 542 810 619 post
848 531 971 603 festum
1000 533 1096 604 beate
1125 535 1223 607 lucie
1251 538 1400 624 virginis.

718 684 781 762 (14.
805 684 978 761 decembris).

320 820 398 882 ltem
424 819 584 903 Georgius
608 821 691 882 lilius
719 823 848 905 Dragoy
880 824 985 906 primo
1018 824 1234 906 proclamatus
1265 846 1361 909 super
1394 827 1462 889 lacto

214 928 475 1008 interempcionis
499 929 599 1006 Jurse,
624 928 663 990 ad
689 929 847 1009 justiciam
872 949 936 992 non
963 931 1060 995 venit.

320 1034 398 1096 ltem
424 1036 575 1097 Nicolaus
591 1055 691 1117 gener
715 1036 862 1119 Mathyas
878 1038 1069 1100 secundario
1085 1038 1199 1100 citatus
1222 1053 1334 1101 contra
1359 1040 1464 1101 Antho-

214 1141 304 1201 nium
329 1160 393 1201 non
419 1143 607 1224 comparuit.

322 1247 400 1308 Item
432 1245 591 1329 Georgius
623 1248 797 1311 Blanchich
830 1265 939 1311 contra
972 1250 1111 1311 eundem
1143 1252 1335 1313 secundario
1367 1252 1463 1313 citatus

214 1372 279 1414 non
304 1355 493 1436 comparuit.

285 1552 382 1626 lesia
412 1565 510 1654 serta
539 1559 692 1645 proxima
721 1566 798 1629 ante
827 1559 950 1630 festum
978 1560 1067 1630 beati
1097 1558 1222 1630 Thone
1251 1561 1407 1649 apostoli.

703 1714 766 1787 (17.
790 1708 968 1788 decembris).

319 1852 396 1912 ltem
416 1852 588 1934 Matheylso
605 1865 715 1913 contra
733 1853 847 1913 Paulas
863 1853 1053 1915 secundario
1071 1853 1185 1915 citatus
1203 1872 1268 1914 non
1286 1851 1472 1934 comparuit.

320 1958 397 2018 ltem
414 1958 525 2018 Petrus
542 1957 647 2019 Prhod
672 1972 781 2020 contra
799 1959 928 2021 Petrum
951 1960 1056 2040 primo
1073 1959 1188 2022 citatus
1205 1979 1270 2021 non
1288 1959 1479 2040 comparuit.

322 2066 398 2126 ltem
424 2065 538 2125 Paulas
561 2078 670 2125 contra
696 2065 876 2127 Johannem
900 2066 1028 2146 nigrum
1062 2067 1093 2127 in
1120 2067 1224 2148 primo
1249 2065 1372 2149 judicio
1398 2066 1483 2127 lau·

213 2172 371 2249 tensium,
397 2171 575 2251 Georgium
599 2185 763 2252 tamquam
789 2185 883 2233 testes
914 2172 1091 2254 producere
1117 2172 1222 2235 debet.

323 2279 400 2339 ltem
426 2278 511 2339 idem
536 2278 698 2339 lohannes
731 2278 821 2358 niger
852 2291 961 2340 contra
994 2279 1134 2341 eundem
1162 2280 1194 2340 in
1226 2278 1334 2360 primo
1359 2277 1483 2360 judicio

215 2385 387 2446 Nicolaum
421 2384 460 2444 de
494 2383 636 2466 Chycha,
669 2382 868 2444 Barthollum
902 2399 932 2446 et
964 2385 1144 2446 Johannem
1177 2383 1323 2445 villicum
1356 2384 1477 2446 condu-

217 2510 286 2553 cere
312 2492 416 2553 debet.

323 2598 400 2658 item
428 2597 551 2658 Blasich
577 2611 686 2658 contra
712 2596 860 2678 Magdich
886 2597 917 2659 in
943 2598 1048 2679 primo
1072 2596 1192 2678 judicio
1216 2597 1437 2677 respondebit.

322 2703 400 2763 ltem
425 2724 518 2763 causa
552 2704 674 2765 Nicolai
709 2703 856 2765 Delasich
888 2718 997 2765 contra
1023 2701 1203 2765 Johannem
1235 2701 1393 2763 Hermani
1427 2721 1482 2784 per

215 2823 310 2870 testes
334 2810 373 2869 ad
400 2829 510 2890 pacem
536 2823 583 2870 est
606 2825 743 2892 recepta.

323 2917 399 2978 ltcm
426 2915 586 2995 Georgius
618 2915 719 2977 Gocel
751 2929 861 2979 contra
894 2916 1063 2977 dominum
1089 2916 1245 2978 iacobum
1278 2914 1479 2976 sacerdotem

215 3024 319 3105 primo
344 3023 457 3084 citatus
481 3041 546 3082 non
572 3023 761 3103 comparuit.

320 3130 397 3191 ltem
423 3133 516 3189 Anna
542 3128 726 3210 Popouicha
744 3144 853 3189 contra
879 3126 1073 3209 Gregorium
1092 3126 1248 3210 voyschar
1264 3127 1371 3209 primo
1386 3127 1478 3188 citata

216 3256 280 3297 non
305 3237 496 3317 comparuit.

322 3343 400 3404 ltem
426 3363 518 3403 causa
537 3342 662 3403 Lucasii
688 3342 804 3403 medici
821 3355 931 3402 contra
957 3342 1085 3403 Petrum
1102 3339 1285 3402 carnificem
1309 3338 1350 3400 ad
1367 3356 1478 3421 pacem

218 3463 264 3511 est
289 3463 423 3531 recepta.

324 3557 401 3618 ltem
435 3556 587 3616 Nicolaus
619 3569 728 3615 contra
761 3555 960 3616 Anthonium
993 3555 1131 3635 juratum
1157 3555 1189 3615 in
1221 3553 1327 3635 primo
1359 3552 1480 3634 judicio

216 3664 409 3744 respondere
435 3662 540 3723 debet.

322 3770 399 3830 ltem
425 3788 518 3829 causa
546 3769 687 3829 Simonis
711 3769 839 3830 sartoris
863 3782 974 3830 contra
997 3768 1052 3829 Sib
1077 3768 1117 3828 ad
1142 3785 1253 3849 pacem
1278 3779 1326 3827 est
1342 3779 1480 3848 recepta.

323 3877 399 3937 Item
418 3875 564 3957 Zytarich
582 3889 692 3936 contra
707 3877 861 3936 iacobum
875 3875 1064 3936 secundario
1078 3874 1191 3936 citatus
1204 3893 1268 3934 non
1288 3874 1480 3955 comparuit.

323 3982 400 4043 ltem
425 3983 533 4043 relicta
559 3981 705 4063 Mathyas
729 3996 837 4043 contra
862 3982 1055 4063 Agustinum
1085 3978 1276 4041 secundario
1302 3979 1398 4041 citata
1416 3999 1480 4042 noo

216 4089 406 4170 comparuit.

323 4195 399 4256 ltem
426 4194 587 4275 Georgius
614 4194 699 4255 filius
725 4195 853 4277 Dragoy
882 4194 1073 4255 secundario
1101 4194 1133 4255 io
1167 4192 1236 4255 loro
1265 4193 1482 4276 proclamatus

216 4321 311 4382 super
335 4299 419 4362 facto
445 4301 706 4383 interempcionis
731 4302 831 4378 Jurse,
856 4301 894 4360 ad
921 4301 1079 4382 justiciam
1105 4320 1170 4362 non
1195 4301 1292 4362 venit.

322 4407 400 4467 ltem
432 4421 550 4468 rectam
583 4423 613 4468 et
644 4408 790 4487 equalem
827 4406 1031 4469 medietatem
1064 4407 1231 4468 cuiusdam
1264 4405 1392 4484 domus,
1418 4425 1481 4488 que

217 4513 332 4575 domus
355 4512 415 4576 fuit
439 4514 575 4574 condam
602 4515 741 4592 Martini,
766 4514 943 4592 Anthonio‚
968 4515 1061 4575 Petro
1087 4526 1117 4575 et
1141 4513 1276 4574 Nicolao
1303 4510 1377 4574 filiis
1402 4513 1480 4575 dicti

219 4620 344 4680 Martini
370 4620 643 4695 adjudicavimus3
668 4620 763 4680 aliam
788 4633 894 4681 autem
914 4619 1118 4682 medietatem
1143 4620 1225 4680 dicte
1250 4617 1368 4680 domus
1386 4619 1480 4681 Petro

217 4725 255 4786 de
274 4727 443 4788 Granouch
469 4747 518 4803 e0‚
544 4728 630 4807 quod
657 4728 722 4806 ipse
748 4727 858 4787 Petrus
883 4727 1020 4807 quedam
1050 4727 1157 4788 debita
1182 4726 1290 4787 uxoris
1313 4745 1370 4786 sue
1397 4726 1480 4788 Mar·

215 4833 344 4916 garetha
368 4846 478 4895 vocate
502 4833 714 4914 persolvisset.
