3404 5362
493 368 689 443 Ann01377.
715 400 757 409 -
781 381 828 429 ιι.
852 368 1012 428 decembris.
1328 388 1382 430 111

137 458 478 479 N—-----—.——..
561 474 609 479 .-—
636 474 753 480 .-—-·.——
795 475 833 479 -—
854 475 1052 480 ..ι----
1091 476 1140 481 —-
1207 477 1233 480 —-
1303 476 1357 481 —.

207 584 298 659 Faria
327 595 427 659 serta
456 590 611 676 proxima
650 596 728 660 ante
756 587 880 659 festum
909 588 1005 659 beate
1034 589 1130 661 Iucie
1158 591 1311 679 virginis.

632 753 692 819 (11.
716 741 890 817 decembris).

229 880 338 942 Primo
363 879 525 942 Iohannes
548 879 633 942 filius
657 880 741 943 Petri
770 893 881 942 contra
906 879 1050 963 Stoywlk
1074 880 1259 962 ensiparum
1283 881 1389 963 primo

122 988 236 1051 citatus
259 1007 324 1049 non
354 987 545 1070 comparuit.

229 1095 307 1156 Item
333 1093 515 1176 Stephanus
539 1093 623 1155 iilius
653 1094 744 1155 Pauli
778 1094 919 1156 concivis
944 1107 1051 1155 noster
1080 1113 1179 1176 gener
1204 1093 1288 1156 Petri
1313 1093 1389 1156 dicti

122 1200 235 1263 ‘south
259 1215 369 1263 contra
401 1199 622 1263 Alexandrum
653 1220 747 1262 suum
779 1213 814 1263 ut
845 1199 957 1263 debuit
988 1200 1138 1282 deposuit
1162 1199 1389 1280 juramentum,

120 1327 218 1390 super
241 1308 359 1388 quibus
384 1307 524 1369 eundem
549 1307 748 1389 Stephanum
773 1306 972 1369 reddidimus
996 1306 1193 1388 expeditum.

229 1413 307 1476 Item
332 1411 494 1496 Georgius
510 1425 620 1475 contra
638 1412 818 1475 Iohannem
835 1425 949 1475 octavo
974 1412 1025 1474 die
1042 1411 1159 1494 jurabit
1176 1412 1208 1474 in
1233 1432 1283 1492 eo,
1300 1412 1388 1493 quod

124 1519 189 1602 ipse
215 1540 273 1582 nec
297 1520 396 1582 homo
420 1540 496 1581 suus
520 1520 580 1581 sibi
608 1519 734 1580 nullum
767 1519 944 1602 dampnum
969 1538 1027 1580 nec
1052 1517 1171 1581 furtum
1196 1519 1398 1584 intulissent.

231 1627 310 1689 Item
335 1646 429 1688 causa
463 1625 596 1707 Georgii
629 1638 660 1688 et
685 1625 839 1687 Iohannis
871 1638 918 1688 est
946 1646 1002 1707 per
1026 1624 1206 1687 Iohannem
1231 1625 1389 1688 decanum

122 1733 160 1795 ad
183 1748 259 1797 octo
283 1733 352 1795 dies
376 1745 502 1814 recepta
527 1731 566 1793 ad
592 1752 717 1815 pacem.

228 1841 304 1903 Item
333 1839 488 1923 Gyurgek
510 1852 620 1901 contra
643 1839 806 1901 Andream
830 1852 984 1901 sartorem
1013 1839 1101 1900 solus
1124 1851 1239 1900 octavo
1263 1834 1315 1899 die
1340 1836 1387 1919 ju-

126 1949 217 2025 rabit,
241 1947 329 2030 quod
355 1947 423 2029 ipse
447 1945 586 2008 eundem
604 1946 767 2007 Andream
785 1965 856 2007 cum
874 1945 939 2007 suis
962 1945 1056 2007 sociis
1073 1964 1137 2007 non
1163 1944 1391 2026 vituperaverit

123 2075 179 2117 nec
201 2055 288 2138 ipsos
310 2053 351 2116 de
375 2054 475 2115 domo
499 2052 692 2115 exclusisset.

230 2161 307 2224 Item
340 2160 455 2224 eodem
488 2160 540 2221 die
565 2179 645 2221 uxor
678 2159 776 2242 ipsius
801 2157 953 2241 Gyurgek
982 2179 1014 2219 se
1047 2157 1185 2219 secunda
1211 2156 1328 2239 jurabit
1353 2155 1384 2218 in

125 2288 172 2347 eo,
197 2266 286 2350 quod
311 2267 377 2349 ipsa
403 2265 541 2328 eundem
565 2265 728 2327 Andream
753 2284 818 2326 non
841 2263 1069 2347 vituperaverit
1095 2265 1127 2325 in
1151 2283 1223 2325 area
1248 2261 1320 2325 fori.

227 2373 304 2435 Item
328 2373 438 2435 relicta
463 2372 569 2456 Gyley
593 2387 706 2434 octavo
731 2372 783 2433 die
816 2392 871 2454 per
896 2372 1148 2452 Zwethkonem,
1172 2372 1387 2434 Marcusinam

125 2494 153 2543 et
176 2493 311 2543 matrem
335 2499 425 2542 suam
450 2480 597 2542 atestabit
620 2499 716 2562 super
739 2481 834 2542 rebus
858 2480 980 2542 Jakme.

228 2588 306 2650 Item
333 2587 468 2668 bogdan
485 2601 594 2648 contra
611 2586 754 2648 relictam
773 2586 944 2668 Hergoche
961 2601 1075 2648 octavo
1101 2586 1152 2648 die
1171 2585 1387 2668 respondebit.

227 2694 304 2756 Item
331 2693 521 2756 Pauerlinus
550 2707 660 2755 contra
693 2692 873 2755 Iohannem
906 2693 1068 2754 literatum
1099 2693 1242 2755 secundo
1274 2692 1389 2755 citatus

126 2820 185 2862 non
211 2801 400 2882 comparuit.

227 2908 304 2970 Item
329 2928 423 2970 causa
448 2907 596 2990 Dyonisii
628 2921 658 2969 et
690 2905 838 2989 Gregorii
864 2919 910 2968 est
941 2925 998 2987 per
1023 2906 1222 2989 Stephanum
1247 2906 1288 2967 ad
1313 2920 1387 2968 octo

126 3013 189 3076 dies
213 3029 338 3097 recepta
363 3013 403 3076 ad
429 3033 550 3096 pacem.

227 3121 302 3182 Item
331 3122 416 3182 Luca
442 3119 580 3182 carnifex
605 3132 715 3181 contra
740 3118 881 3180 Iwanum
908 3132 1022 3180 octavo
1047 3118 1099 3181 die
1124 3118 1340 3201 respondebit.

226 3227 304 3289 Item
338 3226 447 3289 relicta
480 3226 588 3288 Mathe
618 3226 657 3288 de
691 3225 874 3287 Crauarzka
906 3237 1022 3287 octavo
1054 3225 1105 3287 die
1131 3246 1186 3308 per
1211 3224 1386 3287 Martinam

126 3334 229 3414 ergavi
255 3347 285 3396 et
309 3334 510 3397 Demetrium
535 3333 747 3413 joculatorem
772 3332 920 3394 atestabit
943 3352 1038 3414 super
1067 3353 1117 3411 eo,
1141 3333 1230 3414 quod
1256 3332 1314 3415 ipsi
1340 3332 1387 3394 di-

125 3454 192 3502 cent
216 3459 274 3522 pro
298 3453 419 3521 quanta
442 3440 578 3522 pecunia
603 3440 682 3501 duas
706 3440 829 3500 vineas.
841 3437 925 3499 idem
957 3437 1064 3499 Mathe
1089 3438 1298 3502 vendidisset.

226 3547 303 3609 Item
335 3547 446 3609 relicta
478 3546 664 3608 Peterkonis
695 3546 799 3628 primo
832 3543 952 3626 judicio
988 3565 1083 3627 super
1115 3544 1217 3607 iundo
1243 3545 1387 3609 Guziche

124 3651 188 3732 jura
213 3652 348 3715 literalia
372 3653 397 3714 si
422 3672 485 3734 qua
510 3652 657 3714 habuerit
680 3652 848 3734 producet.

228 3759 306 3822 Item
342 3761 494 3822 Marenus
526 3774 635 3821 contra
667 3759 872 3821 Clementem
908 3770 1023 3820 octavo
1048 3757 1099 3819 die
1131 3757 1248 3838 jurabit
1280 3760 1311 3822 in
1337 3781 1387 3842 eo,

125 3866 209 3947 quod
233 3866 300 3948 ipse
323 3885 416 3928 suurn
442 3868 560 3928 bovem
584 3865 764 3928 voluntarie
789 3885 853 3926 non
880 3863 1082 3928 interfecerit.

226 3973 304 4035 Item
329 3993 423 4035 causa
448 3973 538 4035 Pauli
564 3971 722 4054 Chaplich
754 3985 785 4033 et
809 3971 945 4054 Mykech
970 3971 1087 4052 Magde
1112 3986 1158 4034 est
1182 3993 1238 4054 per
1261 3974 1386 4037 Antho-

126 4080 211 4142 nium
237 4080 340 4143 Reniz
364 4081 404 4142 ad
429 4093 503 4142 octo
528 4079 597 4141 dies
620 4093 746 4161 recepta
771 4078 810 4139 ad
843 4097 964 4159 pacem.

230 4186 307 4248 Item
333 4185 496 4247 Johannes
512 4185 676 4248 Chemerii
694 4183 771 4246 feria
788 4185 884 4246 tercia
901 4204 987 4246 nunc
1011 4199 1144 4249 ventura
1161 4200 1386 4248 testamentum

126 4293 277 4355 AnthonIi
303 4293 416 4355 decani
441 4292 591 4356 exhibere
609 4293 715 4370 debet,
732 4292 757 4353 si
774 4291 931 4370 habuerit,
949 4307 1058 4354 contra
1084 4293 1290 4355 Dominicutn
1312 4295 1386 4355 Pro·

125 4400 304 4464 vincialem.

226 4507 306 4570 Item
340 4507 515 4570 Merclinus
545 4520 633 4569 sutor
665 4520 775 4570 contra
807 4507 985 4589 Georgium
1018 4506 1108 4570 Plath
1138 4508 1243 4590 primo
1276 4507 1388 4569 citatus

124 4634 186 4678 non
211 4614 402 4696 comparuit.

227 4721 305 4783 Item
330 4720 436 4782 Vidko
461 4720 613 4801 antiquus
642 4732 752 4782 contra
785 4720 979 4803 Dyonisium
1011 4719 1153 4781 secundo
1185 4719 1298 4781 citatus
1321 4739 1386 4781 non

125 4828 313 4910 comparuit.

227 4933 306 4996 Item
331 4933 528 4996 Wlkouicha
546 4947 656 4996 contra
681 4932 861 4995 Iohannem
879 4933 984 5015 primo
1002 4932 1096 4994 citata
1114 4951 1179 4994 non
1197 4931 1386 5013 comparuit.
