3398 5364
630 356 830 437 Ann01378.
854 392 897 402 —
919 372 951 435 4.
972 358 1066 434 junii.

369 617 466 690 Feria
495 626 593 690 sexta
621 619 775 706 proxima
804 624 881 685 ante
909 613 1033 685 festum
1061 612 1309 683 Pertheeostes.

757 783 802 864 (4.
819 783 929 866 juna).

319 944 427 1007 Primo
445 945 612 1027 Philippus
629 958 738 1006 contra
757 942 934 1025 Georgium
952 945 1057 1026 primo
1075 945 1188 1007 citatus
1201 964 1266 1007 non
1285 945 1481 1027 comparuit.

318 1049 397 1112 Item
421 1071 516 1113 causa
540 1050 690 1112 Matheus
713 1064 744 1112 et
773 1050 893 1112 Petheu
918 1065 965 1112 est
988 1070 1045 1132 per
1068 1053 1157 1112 Akus
1182 1065 1213 1113 et
1236 1051 1412 1113 Martinecb
1439 1051 1481 1113 ad

218 1170 286 1217 octo
312 1155 380 1217 dies
403 1171 529 1239 recepta
554 1156 594 1217 ad
619 1175 742 1237 pacem.

320 1262 399 1323 ltem
431 1262 637 1345 Wllrouycha
662 1275 774 1324 contra
798 1261 933 1322 luanum
957 1262 1063 1344 primo
1080 1262 1173 1324 citata
1198 1280 1263 1324 non
1289 1262 1479 1344 comparuit.

320 1368 397 1430 Item
422 1387 516 1429 causa
541 1368 632 1430 Pauli
667 1368 815 1430 lokothar
847 1380 878 1429 et
909 1368 1008 1428 Marci
1031 1368 1137 1429 clerici
1170 1381 1217 1429 est
1241 1387 1296 1451 per
1319 1381 1414 1429 testes
1438 1367 1479 1429 ad

218 1489 287 1536 octo
314 1474 382 1535 dies
404 1488 530 1556 recepta
554 1474 595 1534 ad
623 1494 747 1555 pacem.

320 1579 397 1642 ltem
415 1599 510 1641 causa
527 1579 680 1662 Stephani
698 1591 729 1641 et
753 1579 918 1641 Benedicti
936 1577 1092 1641 carnificis
1116 1593 1162 1640 est
1178 1598 1234 1661 per
1260 1579 1478 1660 Dragozlaum

215 1684 252 1745 ad
277 1700 350 1747 octo
375 1685 444 1747 dies
467 1700 593 1767 recepta
617 1687 657 1747 ad
682 1705 805 1767 pacem.

319 1809 420 1872 Nota!
446 1810 535 1891 quod
559 1810 722 1871 Barnabas
745 1810 894 1872 sacerdos
917 1808 1080 1872 confessor
1105 1811 1204 1872 Marci
1230 1810 1304 1872 dicti
1331 1809 1480 1890 Pechich,

217 1915 364 1978 Chernka
388 1935 469 1978 uxor
494 1916 650 1997 Milogled
676 1931 707 1977 et
730 1916 808 1978 luan
841 1916 1013 1998 Hlebopek
1044 1929 1230 1994 atestarunt,
1254 1917 1342 1998 prius
1365 1935 1480 1998 corpo·

216 2022 269 2083 rali
296 2021 445 2103 deposito
470 2023 661 2104 juramento,
686 2023 774 2104 quod
799 2023 884 2084 idem
910 2023 1000 2084 Mark
1017 2021 1155 2084 Pechich
1179 2023 1211 2083 in
1236 2023 1302 2083 suis
1329 2023 1481 2084 extremis

214 2147 288 2188 sana
312 2141 419 2189 mente
444 2129 488 2190 sic
512 2129 731 2210 disposuisset,
755 2129 842 2210 quod
861 2130 994 2190 totalem
1019 2129 1225 2191 medietatem
1243 2130 1370 2208 domus,
1388 2142 1479 2189 uten-

213 2233 319 2294 silium
344 2233 529 2313 domorum,
554 2233 646 2295 fundi
670 2248 701 2295 et
717 2235 884 2296 vinearum
910 2234 1009 2295 Elene
1028 2236 1118 2296 uxori
1144 2254 1200 2296 sue
1225 2248 1256 2296 et
1279 2235 1345 2295 suis
1362 2235 1480 2317 pueris,

216 2338 310 2403 aliam
336 2356 445 2403 autem
469 2341 675 2403 medietatem
693 2341 792 2423 ipsius
816 2341 933 2404 domus
957 2356 987 2402 et
1003 2341 1170 2403 vinearum
1194 2340 1400 2403 Chuethkoni
1420 2360 1480 2402 suo

214 2445 280 2510 filio
305 2467 343 2509 ex
368 2448 469 2530 prima
488 2466 586 2509 uxore
610 2461 778 2529 procreato
795 2447 967 2509 dimisisset
983 2461 1014 2508 et
1038 2448 1173 2528 legasset
1189 2448 1245 2509 tali
1263 2447 1373 2525 modo,
1390 2448 1480 2528 quod

215 2553 238 2614 si
263 2553 407 2634 predicta
440 2553 541 2615 Elena
567 2572 647 2614 uxor
680 2573 736 2615 sua
770 2555 909 2615 maritari
941 2554 1088 2631 voluerit,
1121 2568 1236 2615 extunc
1267 2554 1306 2616 de
1330 2554 1482 2636 predictis

213 2659 306 2721 bonis
330 2658 476 2740 quinque
494 2678 616 2721 marcas
632 2658 838 2720 denariorum
852 2679 910 2740 pro
927 2672 1072 2740 tempore
1090 2660 1291 2720 currencium
1317 2658 1480 2720 extrahere

213 2765 343 2826 debebit
366 2765 436 2826 sine
459 2778 544 2827 sorte
569 2779 600 2827 et
630 2765 888 2828 contradiccione
921 2766 1073 2847 aliquali;
1106 2785 1204 2847 quarn
1236 2766 1480 2827 attestacionem

212 2871 353 2952 predicte
378 2886 484 2953 partes
507 2886 608 2933 ratam
632 2891 669 2933 ac
693 2870 817 2933 firmam
840 2871 1021 2934 habuerunt
1045 2891 1153 2932 coram
1178 2872 1281 2936 nobis.

317 2995 396 3057 Item
432 3015 526 3057 causa
563 2996 688 3057 Nicolai
724 2995 818 3074 jurati
854 3010 885 3057 et
925 2995 1080 3077 Orgouan
1117 3009 1162 3056 est
1199 3014 1255 3077 per
1290 2995 1479 3076 magistrum

218 3101 362 3163 Francha
374 3101 513 3163 condam
526 3100 667 3183 judicem
680 3117 711 3162 et
724 3102 916 3163 Mauricium
930 3102 970 3163 ad
987 3115 1060 3163 octo
1078 3101 1146 3162 dies
1160 3114 1286 3183 recepta
1299 3101 1339 3163 ad
1357 3120 1478 3183 pacem.

321 3208 398 3269 ltem
417 3208 592 3271 Mauricius
616 3223 646 3269 et
679 3208 789 3269 Petrus
821 3223 931 3270 contra
956 3208 1136 3269 Jobannem
1167 3208 1282 3269 Lieber
1307 3207 1412 3289 primo
1437 3207 1480 3267 ci·

214 3313 268 3375 tati
294 3332 360 3376 non
385 3327 644 3395 comparuerunt.

318 3419 398 3482 ltem
430 3418 592 3501 Georgius
623 3434 726 3482 sartor
758 3421 910 3501 magistro
945 3419 1089 3481 Franche
1113 3419 1199 3480 XVII
1234 3418 1302 3481 flor.
1329 3419 1361 3479 in
1386 3418 1480 3499 quin-

215 3525 305 3588 denis
329 3526 499 3608 persolvet.

317 3632 396 3694 ltem
420 3631 603 3693 Alexander
628 3647 658 3693 et
683 3632 845 3694 Johannes
874 3631 1038 3694 Chemerii
1063 3646 1173 3693 contra
1199 3630 1374 3713 Gyuanum
1400 3628 1476 3690 Gal-

214 3738 308 3800 licum
333 3738 439 3820 primo
464 3737 550 3799 citati
575 3757 640 3799 non
666 3752 925 3820 comparuerunt.

320 3845 397 3906 ltem
416 3843 539 3926 Symon
565 3857 666 3905 sartor
690 3857 804 3905 octavo
829 3845 880 3905 die
898 3863 955 3926 per
979 3843 1160 3904 Johannem
1185 3841 1330 3923 Zagorch
1353 3856 1385 3904 et
1409 3843 1480 3923 My·

214 3950 356 4012 chaelem
382 3950 529 4011 atestabit
542 3963 652 4012 contra
676 3969 809 4011 uxorem
826 3950 973 4028 Vidonis,
998 3950 1086 4031 quod
1106 3949 1174 4031 ipsa
1199 3948 1334 4010 asseruit
1349 3947 1479 4029 propria

214 4077 302 4135 voce,
327 4055 416 4137 quod
442 4075 522 4118 uxor
552 4056 679 4117 Nicolai
710 4055 922 4117 Zreberniche
954 4057 1013 4117 sibi
1040 4075 1136 4116 unam
1169 4055 1335 4117 camisiam
1358 4053 1479 4136 promi-

214 4163 303 4224 sisset
326 4175 362 4224 ut
386 4180 450 4223 non
474 4160 656 4224 testificaret
680 4162 761 4223 circa
787 4162 964 4244 Symonem
989 4162 1179 4244 predictum.

319 4268 399 4329 Item
423 4267 605 4349 Stephanus
629 4268 845 4328 mercenarius
870 4269 1015 4329 Mauricii
1044 4268 1227 4330 Alexandro
1252 4268 1283 4328 in
1308 4266 1480 4347 quindenis

213 4374 386 4436 duodecim
411 4394 524 4456 pensas
548 4374 755 4436 denariorum
780 4376 943 4436 exsolvere
968 4376 1072 4438 debet.

319 4481 396 4543 Item
431 4481 508 4542 Kws
542 4480 581 4543 de
618 4481 768 4542 Pobresia
805 4494 915 4543 contra
951 4481 1090 4563 judicem
1127 4482 1231 4563 prirno
1268 4481 1381 4543 citatus
1414 4499 1479 4540 non

215 4589 404 4669 comparuit.

320 4692 398 4753 Item
423 4693 532 4755 Marke
558 4693 684 4753 mulieri
708 4692 775 4755 filie
798 4693 937 4755 condam
955 4693 1053 4754 Marci
1079 4692 1216 4754 Pechich
1242 4710 1339 4753 unam
1356 4706 1479 4773 partem

213 4800 373 4861 bonorum
399 4799 496 4881 patris
519 4799 567 4860 sui
592 4798 814 4878 adjudicamus
838 4813 994 4881 perpetuo
1019 4798 1260 4880 possidendam.
