<?xml version="1.0" encoding="UTF-8"?>
<!DOCTYPE html PUBLIC "-//W3C//DTD XHTML 1.0 Transitional//EN"
    "http://www.w3.org/TR/xhtml1/DTD/xhtml1-transitional.dtd">
<html xmlns="http://www.w3.org/1999/xhtml" xml:lang="en" lang="en">
 <head>
  <title>
</title>
<meta http-equiv="Content-Type" content="text/html;charset=utf-8" />
  <meta name='ocr-system' content='tesseract 3.04.00' />
  <meta name='ocr-capabilities' content='ocr_page ocr_carea ocr_par ocr_line ocrx_word'/>
</head>
<body>
  <div class='ocr_page' id='page_1' title='image "./monumentahistor04laszgoog/monumentahistor04laszgoog_0360.png"; bbox 0 0 3404 5362; ppageno 0'>
   <div class='ocr_carea' id='block_1_1' title="bbox 601 336 1496 424">
    <p class='ocr_par' dir='ltr' id='par_1_1' title="bbox 601 336 1496 424">
     <span class='ocr_line' id='line_1_1' title="bbox 601 336 1496 424; baseline 0.007 -27"><span class='ocrx_word' id='word_1_1' title='bbox 601 343 688 398; x_wconf 84' lang='lat' dir='ltr'><strong>Anno</strong></span> <span class='ocrx_word' id='word_1_2' title='bbox 712 336 805 417; x_wconf 75' lang='lat'><em>1389.</em></span> <span class='ocrx_word' id='word_1_3' title='bbox 831 375 869 384; x_wconf 92' lang='lat'>-</span> <span class='ocrx_word' id='word_1_4' title='bbox 894 339 946 400; x_wconf 80' lang='lat'><strong>26.</strong></span> <span class='ocrx_word' id='word_1_5' title='bbox 971 342 1139 401; x_wconf 78' lang='lat' dir='ltr'><em>novembris.</em></span> <span class='ocrx_word' id='word_1_6' title='bbox 1439 363 1496 424; x_wconf 85' lang='lat'><strong>3¹¹</strong></span> 
     </span>
    </p>
   </div>
   <div class='ocr_carea' id='block_1_2' title="bbox 237 528 1503 737">
    <p class='ocr_par' dir='ltr' id='par_1_2' title="bbox 237 528 1503 737">
     <span class='ocr_line' id='line_1_2' title="bbox 344 528 1503 633; baseline 0.006 -24"><span class='ocrx_word' id='word_1_7' title='bbox 344 549 422 611; x_wconf 88' lang='lat' dir='ltr'><strong>Item</strong></span> <span class='ocrx_word' id='word_1_8' title='bbox 448 549 534 611; x_wconf 85' lang='lat' dir='ltr'><strong>Iwan</strong></span> <span class='ocrx_word' id='word_1_9' title='bbox 566 550 716 611; x_wconf 88' lang='lat' dir='ltr'><strong>Hozaren</strong></span> <span class='ocrx_word' id='word_1_10' title='bbox 748 565 858 611; x_wconf 88' lang='lat' dir='ltr'><strong>contra</strong></span> <span class='ocrx_word' id='word_1_11' title='bbox 891 528 1054 613; x_wconf 74' lang='lat' dir='ltr'><strong>l¹homam</strong></span> <span class='ocrx_word' id='word_1_12' title='bbox 1079 565 1221 613; x_wconf 89' lang='lat' dir='ltr'><strong>sutorem</strong></span> <span class='ocrx_word' id='word_1_13' title='bbox 1253 553 1357 633; x_wconf 90' lang='lat' dir='ltr'><strong>primo</strong></span> <span class='ocrx_word' id='word_1_14' title='bbox 1390 555 1503 616; x_wconf 88' lang='lat' dir='ltr'><strong>citatus</strong></span> 
     </span>
     <span class='ocr_line' id='line_1_3' title="bbox 237 655 518 737; baseline 0.011 -22"><span class='ocrx_word' id='word_1_15' title='bbox 237 674 301 716; x_wconf 88' lang='lat' dir='ltr'><strong>non</strong></span> <span class='ocrx_word' id='word_1_16' title='bbox 328 655 518 737; x_wconf 85' lang='lat' dir='ltr'><strong>comparuit.</strong></span> 
     </span>
    </p>
   </div>
   <div class='ocr_carea' id='block_1_3' title="bbox 232 759 1504 1377">
    <p class='ocr_par' dir='ltr' id='par_1_3' title="bbox 232 759 1503 948">
     <span class='ocr_line' id='line_1_4' title="bbox 342 759 1503 848; baseline 0.005 -27"><span class='ocrx_word' id='word_1_17' title='bbox 342 759 420 822; x_wconf 93' lang='lat' dir='ltr'><strong>Item</strong></span> <span class='ocrx_word' id='word_1_18' title='bbox 435 780 529 822; x_wconf 87' lang='lat' dir='ltr'><strong>causa</strong></span> <span class='ocrx_word' id='word_1_19' title='bbox 555 759 687 842; x_wconf 85' lang='lat' dir='ltr'>Georgii</span> <span class='ocrx_word' id='word_1_20' title='bbox 705 775 814 823; x_wconf 85' lang='lat' dir='ltr'><strong>contra</strong></span> <span class='ocrx_word' id='word_1_21' title='bbox 828 762 993 823; x_wconf 81' lang='lat' dir='ltr'><strong>Vrbanum</strong></span> <span class='ocrx_word' id='word_1_22' title='bbox 1012 781 1112 844; x_wconf 90' lang='lat' dir='ltr'><strong>usque</strong></span> <span class='ocrx_word' id='word_1_23' title='bbox 1136 776 1209 825; x_wconf 89' lang='lat' dir='ltr'><strong>octo</strong></span> <span class='ocrx_word' id='word_1_24' title='bbox 1234 764 1302 826; x_wconf 90' lang='lat' dir='ltr'><strong>dies</strong></span> <span class='ocrx_word' id='word_1_25' title='bbox 1326 764 1366 826; x_wconf 89' lang='lat' dir='ltr'><strong>ad</strong></span> <span class='ocrx_word' id='word_1_26' title='bbox 1390 785 1503 848; x_wconf 83' lang='lat' dir='ltr'><strong>pacem</strong></span> 
     </span>
     <span class='ocr_line' id='line_1_5' title="bbox 232 880 446 948; baseline 0.014 -21"><span class='ocrx_word' id='word_1_27' title='bbox 232 880 278 928; x_wconf 90' lang='lat' dir='ltr'><strong>est</strong></span> <span class='ocrx_word' id='word_1_28' title='bbox 304 880 446 948; x_wconf 90' lang='lat' dir='ltr'><strong>recepta.</strong></span> 
     </span>
    </p>

    <p class='ocr_par' dir='ltr' id='par_1_4' title="bbox 233 972 1504 1161">
     <span class='ocr_line' id='line_1_6' title="bbox 345 972 1504 1059; baseline 0.005 -26"><span class='ocrx_word' id='word_1_29' title='bbox 345 973 422 1035; x_wconf 90' lang='lat' dir='ltr'><strong>Item</strong></span> <span class='ocrx_word' id='word_1_30' title='bbox 439 993 533 1034; x_wconf 83' lang='lat' dir='ltr'><strong>causa</strong></span> <span class='ocrx_word' id='word_1_31' title='bbox 551 972 667 1034; x_wconf 86' lang='lat' dir='ltr'><strong>Jaklini</strong></span> <span class='ocrx_word' id='word_1_32' title='bbox 686 987 796 1036; x_wconf 87' lang='lat' dir='ltr'><strong>contra</strong></span> <span class='ocrx_word' id='word_1_33' title='bbox 813 973 1013 1036; x_wconf 80' lang='lat' dir='ltr'><strong>Anthonium</strong></span> <span class='ocrx_word' id='word_1_34' title='bbox 1032 994 1133 1057; x_wconf 88' lang='lat' dir='ltr'><strong>usque</strong></span> <span class='ocrx_word' id='word_1_35' title='bbox 1151 989 1224 1037; x_wconf 92' lang='lat' dir='ltr'><strong>octo</strong></span> <span class='ocrx_word' id='word_1_36' title='bbox 1248 975 1317 1037; x_wconf 88' lang='lat' dir='ltr'><strong>dies</strong></span> <span class='ocrx_word' id='word_1_37' title='bbox 1333 976 1373 1038; x_wconf 89' lang='lat' dir='ltr'><strong>ad</strong></span> <span class='ocrx_word' id='word_1_38' title='bbox 1390 996 1504 1059; x_wconf 80' lang='lat' dir='ltr'><strong>pacem</strong></span> 
     </span>
     <span class='ocr_line' id='line_1_7' title="bbox 233 1093 446 1161; baseline -0.005 -20"><span class='ocrx_word' id='word_1_39' title='bbox 233 1093 279 1142; x_wconf 88' lang='lat' dir='ltr'><strong>est</strong></span> <span class='ocrx_word' id='word_1_40' title='bbox 307 1093 446 1161; x_wconf 88' lang='lat' dir='ltr'><strong>recepta.</strong></span> 
     </span>
    </p>

    <p class='ocr_par' dir='ltr' id='par_1_5' title="bbox 235 1185 1501 1377">
     <span class='ocr_line' id='line_1_8' title="bbox 343 1185 1501 1271; baseline 0.004 -25"><span class='ocrx_word' id='word_1_41' title='bbox 343 1186 422 1247; x_wconf 90' lang='lat' dir='ltr'><strong>Item</strong></span> <span class='ocrx_word' id='word_1_42' title='bbox 450 1185 641 1248; x_wconf 83' lang='lat' dir='ltr'>Valentinus</span> <span class='ocrx_word' id='word_1_43' title='bbox 663 1201 777 1248; x_wconf 89' lang='lat' dir='ltr'><strong>octavo</strong></span> <span class='ocrx_word' id='word_1_44' title='bbox 802 1186 854 1247; x_wconf 89' lang='lat' dir='ltr'><strong>die</strong></span> <span class='ocrx_word' id='word_1_45' title='bbox 886 1201 995 1249; x_wconf 88' lang='lat' dir='ltr'><strong>contra</strong></span> <span class='ocrx_word' id='word_1_46' title='bbox 1021 1188 1165 1250; x_wconf 88' lang='lat' dir='ltr'><strong>Torkam</strong></span> <span class='ocrx_word' id='word_1_47' title='bbox 1197 1201 1293 1251; x_wconf 87' lang='lat' dir='ltr'><strong>testes</strong></span> <span class='ocrx_word' id='word_1_48' title='bbox 1325 1188 1501 1271; x_wconf 89' lang='lat' dir='ltr'><strong>producere</strong></span> 
     </span>
     <span class='ocr_line' id='line_1_9' title="bbox 235 1291 1329 1377; baseline 0.005 -26"><span class='ocrx_word' id='word_1_49' title='bbox 235 1291 342 1370; x_wconf 89' lang='lat' dir='ltr'><strong>debet,</strong></span> <span class='ocrx_word' id='word_1_50' title='bbox 367 1291 504 1353; x_wconf 90' lang='lat' dir='ltr'><strong>vidicet:</strong></span> <span class='ocrx_word' id='word_1_51' title='bbox 537 1292 666 1353; x_wconf 91' lang='lat' dir='ltr'><strong>Petrum</strong></span> <span class='ocrx_word' id='word_1_52' title='bbox 691 1293 894 1373; x_wconf 80' lang='lat' dir='ltr'><strong>Hungarum‚</strong></span> <span class='ocrx_word' id='word_1_53' title='bbox 919 1292 1108 1374; x_wconf 81' lang='lat' dir='ltr'><strong>Georgium,</strong></span> <span class='ocrx_word' id='word_1_54' title='bbox 1133 1293 1329 1377; x_wconf 87' lang='lat' dir='ltr'><strong>Philippum.</strong></span> 
     </span>
    </p>
   </div>
   <div class='ocr_carea' id='block_1_4' title="bbox 232 1415 1500 2030">
    <p class='ocr_par' dir='ltr' id='par_1_6' title="bbox 237 1415 1500 1605">
     <span class='ocr_line' id='line_1_10' title="bbox 343 1415 1500 1500; baseline 0.003 -24"><span class='ocrx_word' id='word_1_55' title='bbox 343 1416 422 1477; x_wconf 82' lang='lat' dir='ltr'><strong>Item</strong></span> <span class='ocrx_word' id='word_1_56' title='bbox 447 1415 607 1497; x_wconf 82' lang='lat' dir='ltr'><strong>Georgius</strong></span> <span class='ocrx_word' id='word_1_57' title='bbox 638 1416 678 1476; x_wconf 89' lang='lat' dir='ltr'><strong>de</strong></span> <span class='ocrx_word' id='word_1_58' title='bbox 710 1417 894 1478; x_wconf 86' lang='lat' dir='ltr'><strong>Rakounuk</strong></span> <span class='ocrx_word' id='word_1_59' title='bbox 925 1430 1039 1478; x_wconf 87' lang='lat' dir='ltr'><strong>octavo</strong></span> <span class='ocrx_word' id='word_1_60' title='bbox 1070 1417 1122 1478; x_wconf 88' lang='lat' dir='ltr'><strong>die</strong></span> <span class='ocrx_word' id='word_1_61' title='bbox 1153 1417 1241 1479; x_wconf 89' lang='lat' dir='ltr'><strong>solus</strong></span> <span class='ocrx_word' id='word_1_62' title='bbox 1271 1438 1366 1500; x_wconf 88' lang='lat' dir='ltr'><strong>super</strong></span> <span class='ocrx_word' id='word_1_63' title='bbox 1390 1437 1429 1481; x_wconf 90' lang='lat' dir='ltr'><strong>eo</strong></span> <span class='ocrx_word' id='word_1_64' title='bbox 1453 1418 1500 1500; x_wconf 78' lang='lat' dir='ltr'><strong>ju·</strong></span> 
     </span>
     <span class='ocr_line' id='line_1_11' title="bbox 237 1522 932 1605; baseline 0.001 -22"><span class='ocrx_word' id='word_1_65' title='bbox 237 1525 329 1602; x_wconf 87' lang='lat' dir='ltr'><strong>rabit,</strong></span> <span class='ocrx_word' id='word_1_66' title='bbox 355 1523 442 1605; x_wconf 91' lang='lat' dir='ltr'><strong>quod</strong></span> <span class='ocrx_word' id='word_1_67' title='bbox 467 1523 599 1604; x_wconf 91' lang='lat' dir='ltr'><strong>quidam</strong></span> <span class='ocrx_word' id='word_1_68' title='bbox 627 1524 684 1585; x_wconf 91' lang='lat' dir='ltr'><strong>bos</strong></span> <span class='ocrx_word' id='word_1_69' title='bbox 711 1543 788 1585; x_wconf 87' lang='lat' dir='ltr'><strong>suus</strong></span> <span class='ocrx_word' id='word_1_70' title='bbox 812 1522 932 1585; x_wconf 84' lang='lat' dir='ltr'><strong>fuisset.</strong></span> 
     </span>
    </p>

    <p class='ocr_par' dir='ltr' id='par_1_7' title="bbox 232 1628 1497 2030">
     <span class='ocr_line' id='line_1_12' title="bbox 340 1628 1497 1715; baseline 0.003 -24"><span class='ocrx_word' id='word_1_71' title='bbox 340 1630 419 1691; x_wconf 91' lang='lat' dir='ltr'><strong>Item</strong></span> <span class='ocrx_word' id='word_1_72' title='bbox 449 1629 537 1710; x_wconf 93' lang='lat' dir='ltr'><strong>quod</strong></span> <span class='ocrx_word' id='word_1_73' title='bbox 569 1629 644 1711; x_wconf 89' lang='lat' dir='ltr'><strong>quia</strong></span> <span class='ocrx_word' id='word_1_74' title='bbox 677 1628 815 1691; x_wconf 91' lang='lat' dir='ltr'><strong>Michael</strong></span> <span class='ocrx_word' id='word_1_75' title='bbox 848 1629 1054 1711; x_wconf 88' lang='lat' dir='ltr'><strong>Dampmiani</strong></span> <span class='ocrx_word' id='word_1_76' title='bbox 1086 1649 1143 1712; x_wconf 91' lang='lat' dir='ltr'><strong>per</strong></span> <span class='ocrx_word' id='word_1_77' title='bbox 1174 1643 1268 1692; x_wconf 88' lang='lat' dir='ltr'><strong>testes</strong></span> <span class='ocrx_word' id='word_1_78' title='bbox 1293 1630 1324 1692; x_wconf 91' lang='lat' dir='ltr'><strong>id</strong></span> <span class='ocrx_word' id='word_1_79' title='bbox 1350 1651 1497 1715; x_wconf 90' lang='lat' dir='ltr'><strong>compro·</strong></span> 
     </span>
     <span class='ocr_line' id='line_1_13' title="bbox 234 1734 1495 1818; baseline 0.003 -22"><span class='ocrx_word' id='word_1_80' title='bbox 234 1736 329 1815; x_wconf 85' lang='lat' dir='ltr'><strong>bavit,</strong></span> <span class='ocrx_word' id='word_1_81' title='bbox 356 1735 444 1818; x_wconf 91' lang='lat' dir='ltr'><strong>quod</strong></span> <span class='ocrx_word' id='word_1_82' title='bbox 469 1735 609 1817; x_wconf 88' lang='lat' dir='ltr'><strong>quedam</strong></span> <span class='ocrx_word' id='word_1_83' title='bbox 641 1735 735 1796; x_wconf 88' lang='lat' dir='ltr'><strong>vinea</strong></span> <span class='ocrx_word' id='word_1_84' title='bbox 767 1734 826 1797; x_wconf 86' lang='lat' dir='ltr'><strong>fuit</strong></span> <span class='ocrx_word' id='word_1_85' title='bbox 858 1735 1076 1817; x_wconf 83' lang='lat' dir='ltr'><strong>DarupruianI,</strong></span> <span class='ocrx_word' id='word_1_86' title='bbox 1100 1735 1173 1798; x_wconf 91' lang='lat' dir='ltr'><strong>ideo</strong></span> <span class='ocrx_word' id='word_1_87' title='bbox 1205 1735 1312 1798; x_wconf 88' lang='lat' dir='ltr'><strong>eidem</strong></span> <span class='ocrx_word' id='word_1_88' title='bbox 1346 1738 1495 1801; x_wconf 87' lang='lat' dir='ltr'><strong>Michaeli</strong></span> 
     </span>
     <span class='ocr_line' id='line_1_14' title="bbox 233 1840 1495 1927; baseline 0.005 -26"><span class='ocrx_word' id='word_1_89' title='bbox 233 1842 332 1924; x_wconf 88' lang='lat' dir='ltr'><strong>ipsam</strong></span> <span class='ocrx_word' id='word_1_90' title='bbox 359 1843 485 1903; x_wconf 87' lang='lat' dir='ltr'><strong>vineam</strong></span> <span class='ocrx_word' id='word_1_91' title='bbox 503 1840 776 1921; x_wconf 81' lang='lat' dir='ltr'><strong>adjudicavimus3</strong></span> <span class='ocrx_word' id='word_1_92' title='bbox 801 1842 868 1923; x_wconf 91' lang='lat' dir='ltr'><strong>ipse</strong></span> <span class='ocrx_word' id='word_1_93' title='bbox 889 1855 996 1903; x_wconf 88' lang='lat' dir='ltr'><strong>autem</strong></span> <span class='ocrx_word' id='word_1_94' title='bbox 1015 1842 1153 1904; x_wconf 87' lang='lat' dir='ltr'><strong>Michael</strong></span> <span class='ocrx_word' id='word_1_95' title='bbox 1178 1863 1237 1925; x_wconf 91' lang='lat' dir='ltr'><strong>pro</strong></span> <span class='ocrx_word' id='word_1_96' title='bbox 1262 1843 1377 1906; x_wconf 85' lang='lat' dir='ltr'><strong>Kusilo</strong></span> <span class='ocrx_word' id='word_1_97' title='bbox 1394 1864 1495 1927; x_wconf 89' lang='lat' dir='ltr'><strong>usque</strong></span> 
     </span>
     <span class='ocr_line' id='line_1_15' title="bbox 232 1947 989 2030; baseline -0.001 -20"><span class='ocrx_word' id='word_1_98' title='bbox 232 1949 412 2030; x_wconf 85' lang='lat' dir='ltr'><strong>quindenas</strong></span> <span class='ocrx_word' id='word_1_99' title='bbox 436 1962 575 2029; x_wconf 88' lang='lat' dir='ltr'><strong>quatuor</strong></span> <span class='ocrx_word' id='word_1_100' title='bbox 598 1968 712 2030; x_wconf 84' lang='lat' dir='ltr'><strong>pensas</strong></span> <span class='ocrx_word' id='word_1_101' title='bbox 736 1948 858 2009; x_wconf 90' lang='lat' dir='ltr'><strong>solvere</strong></span> <span class='ocrx_word' id='word_1_102' title='bbox 884 1947 989 2009; x_wconf 88' lang='lat' dir='ltr'><strong>debet.</strong></span> 
     </span>
    </p>
   </div>
   <div class='ocr_carea' id='block_1_5' title="bbox 211 2071 1497 2793">
    <p class='ocr_par' dir='ltr' id='par_1_8' title="bbox 228 2071 1496 2263">
     <span class='ocr_line' id='line_1_16' title="bbox 337 2071 1496 2136; baseline 0.001 -1"><span class='ocrx_word' id='word_1_103' title='bbox 337 2072 417 2135; x_wconf 92' lang='lat' dir='ltr'><strong>ltem</strong></span> <span class='ocrx_word' id='word_1_104' title='bbox 441 2091 535 2133; x_wconf 87' lang='lat' dir='ltr'><strong>causa</strong></span> <span class='ocrx_word' id='word_1_105' title='bbox 558 2071 722 2134; x_wconf 90' lang='lat' dir='ltr'><strong>Valentini</strong></span> <span class='ocrx_word' id='word_1_106' title='bbox 755 2085 865 2134; x_wconf 88' lang='lat' dir='ltr'><strong>contra</strong></span> <span class='ocrx_word' id='word_1_107' title='bbox 897 2072 1077 2133; x_wconf 78' lang='lat' dir='ltr'><strong>iohannem</strong></span> <span class='ocrx_word' id='word_1_108' title='bbox 1103 2073 1214 2135; x_wconf 86' lang='lat' dir='ltr'><strong>Bozou</strong></span> <span class='ocrx_word' id='word_1_109' title='bbox 1245 2088 1276 2134; x_wconf 88' lang='lat' dir='ltr'><strong>et</strong></span> <span class='ocrx_word' id='word_1_110' title='bbox 1302 2074 1496 2136; x_wconf 85' lang='lat' dir='ltr'><strong>Hanslinum</strong></span> 
     </span>
     <span class='ocr_line' id='line_1_17' title="bbox 228 2179 796 2263; baseline 0.002 -23"><span class='ocrx_word' id='word_1_111' title='bbox 228 2197 330 2263; x_wconf 89' lang='lat' dir='ltr'><strong>usque</strong></span> <span class='ocrx_word' id='word_1_112' title='bbox 353 2193 427 2241; x_wconf 91' lang='lat' dir='ltr'><strong>octo</strong></span> <span class='ocrx_word' id='word_1_113' title='bbox 452 2179 521 2241; x_wconf 93' lang='lat' dir='ltr'><strong>dies</strong></span> <span class='ocrx_word' id='word_1_114' title='bbox 545 2194 591 2240; x_wconf 89' lang='lat' dir='ltr'><strong>est</strong></span> <span class='ocrx_word' id='word_1_115' title='bbox 615 2179 796 2261; x_wconf 87' lang='lat' dir='ltr'><strong>prorogata.</strong></span> 
     </span>
    </p>

    <p class='ocr_par' dir='ltr' id='par_1_9' title="bbox 216 2284 1497 2475">
     <span class='ocr_line' id='line_1_18' title="bbox 335 2284 1497 2368; baseline 0.002 -21"><span class='ocrx_word' id='word_1_116' title='bbox 335 2286 415 2349; x_wconf 90' lang='lat' dir='ltr'><strong>Item</strong></span> <span class='ocrx_word' id='word_1_117' title='bbox 439 2306 531 2348; x_wconf 89' lang='lat' dir='ltr'><strong>causa</strong></span> <span class='ocrx_word' id='word_1_118' title='bbox 556 2285 712 2347; x_wconf 84' lang='lat' dir='ltr'><strong>Iohannis</strong></span> <span class='ocrx_word' id='word_1_119' title='bbox 736 2284 829 2366; x_wconf 83' lang='lat' dir='ltr'><strong>jurati</strong></span> <span class='ocrx_word' id='word_1_120' title='bbox 846 2299 957 2347; x_wconf 85' lang='lat' dir='ltr'><strong>contra</strong></span> <span class='ocrx_word' id='word_1_121' title='bbox 979 2285 1108 2368; x_wconf 84' lang='lat' dir='ltr'><strong>Mathey</strong></span> <span class='ocrx_word' id='word_1_122' title='bbox 1133 2306 1234 2367; x_wconf 90' lang='lat' dir='ltr'><strong>usque</strong></span> <span class='ocrx_word' id='word_1_123' title='bbox 1259 2300 1332 2349; x_wconf 92' lang='lat' dir='ltr'><strong>octo</strong></span> <span class='ocrx_word' id='word_1_124' title='bbox 1357 2287 1425 2348; x_wconf 88' lang='lat' dir='ltr'><strong>dies</strong></span> <span class='ocrx_word' id='word_1_125' title='bbox 1450 2301 1497 2349; x_wconf 90' lang='lat' dir='ltr'><strong>est</strong></span> 
     </span>
     <span class='ocr_line' id='line_1_19' title="bbox 216 2407 411 2475; baseline -0.005 -18"><span class='ocrx_word' id='word_1_126' title='bbox 216 2407 411 2475; x_wconf 87' lang='lat' dir='ltr'><strong>prorogata.</strong></span> 
     </span>
    </p>

    <p class='ocr_par' dir='ltr' id='par_1_10' title="bbox 211 2497 1491 2793">
     <span class='ocr_line' id='line_1_20' title="bbox 333 2497 1490 2582; baseline 0.001 -22"><span class='ocrx_word' id='word_1_127' title='bbox 333 2499 413 2562; x_wconf 90' lang='lat' dir='ltr'><strong>Item</strong></span> <span class='ocrx_word' id='word_1_128' title='bbox 437 2498 620 2560; x_wconf 79' lang='lat' dir='ltr'><strong>Anthonius</strong></span> <span class='ocrx_word' id='word_1_129' title='bbox 643 2497 767 2560; x_wconf 89' lang='lat' dir='ltr'><strong>Jursich</strong></span> <span class='ocrx_word' id='word_1_130' title='bbox 785 2511 899 2560; x_wconf 89' lang='lat' dir='ltr'><strong>octavo</strong></span> <span class='ocrx_word' id='word_1_131' title='bbox 920 2497 972 2558; x_wconf 91' lang='lat' dir='ltr'><strong>die</strong></span> <span class='ocrx_word' id='word_1_132' title='bbox 995 2517 1090 2579; x_wconf 89' lang='lat' dir='ltr'><strong>super</strong></span> <span class='ocrx_word' id='word_1_133' title='bbox 1114 2518 1153 2560; x_wconf 90' lang='lat' dir='ltr'><strong>eo</strong></span> <span class='ocrx_word' id='word_1_134' title='bbox 1178 2498 1294 2579; x_wconf 82' lang='lat' dir='ltr'><strong>jurabit</strong></span> <span class='ocrx_word' id='word_1_135' title='bbox 1317 2500 1405 2580; x_wconf 91' lang='lat' dir='ltr'><strong>quod</strong></span> <span class='ocrx_word' id='word_1_136' title='bbox 1424 2500 1490 2582; x_wconf 85' lang='lat' dir='ltr'><strong>ipse</strong></span> 
     </span>
     <span class='ocr_line' id='line_1_21' title="bbox 214 2602 1491 2686; baseline -0.002 -17"><span class='ocrx_word' id='word_1_137' title='bbox 214 2606 350 2670; x_wconf 88' lang='lat' dir='ltr'><strong>Cosme</strong></span> <span class='ocrx_word' id='word_1_138' title='bbox 373 2604 536 2666; x_wconf 84' lang='lat' dir='ltr'><strong>aurifabro</strong></span> <span class='ocrx_word' id='word_1_139' title='bbox 553 2605 681 2686; x_wconf 81' lang='lat' dir='ltr'><strong>trigInta</strong></span> <span class='ocrx_word' id='word_1_140' title='bbox 699 2603 781 2665; x_wconf 89' lang='lat' dir='ltr'><strong>duos</strong></span> <span class='ocrx_word' id='word_1_141' title='bbox 800 2617 973 2665; x_wconf 85' lang='lat' dir='ltr'><strong>nezetones</strong></span> <span class='ocrx_word' id='word_1_142' title='bbox 997 2603 1035 2664; x_wconf 91' lang='lat' dir='ltr'><strong>de</strong></span> <span class='ocrx_word' id='word_1_143' title='bbox 1053 2616 1186 2684; x_wconf 87' lang='lat' dir='ltr'><strong>argento</strong></span> <span class='ocrx_word' id='word_1_144' title='bbox 1203 2603 1243 2664; x_wconf 92' lang='lat' dir='ltr'><strong>ad</strong></span> <span class='ocrx_word' id='word_1_145' title='bbox 1269 2602 1491 2667; x_wconf 87' lang='lat' dir='ltr'><strong>fabricandum</strong></span> 
     </span>
     <span class='ocr_line' id='line_1_22' title="bbox 211 2713 428 2793; baseline -0.005 -18"><span class='ocrx_word' id='word_1_146' title='bbox 211 2713 428 2793; x_wconf 80' lang='lat' dir='ltr'><strong>assignasset.</strong></span> 
     </span>
    </p>
   </div>
   <div class='ocr_carea' id='block_1_6' title="bbox 211 2834 1492 3026">
    <p class='ocr_par' dir='ltr' id='par_1_11' title="bbox 211 2834 1492 3026">
     <span class='ocr_line' id='line_1_23' title="bbox 332 2834 1492 2917; baseline 0.001 -20"><span class='ocrx_word' id='word_1_147' title='bbox 332 2836 410 2898; x_wconf 88' lang='lat' dir='ltr'><strong>Item</strong></span> <span class='ocrx_word' id='word_1_148' title='bbox 443 2836 626 2898; x_wconf 83' lang='lat' dir='ltr'><strong>Anthonius</strong></span> <span class='ocrx_word' id='word_1_149' title='bbox 658 2834 805 2917; x_wconf 87' lang='lat' dir='ltr'><strong>Zytarieh</strong></span> <span class='ocrx_word' id='word_1_150' title='bbox 839 2849 948 2897; x_wconf 88' lang='lat' dir='ltr'><strong>contra</strong></span> <span class='ocrx_word' id='word_1_151' title='bbox 980 2836 1109 2896; x_wconf 87' lang='lat' dir='ltr'><strong>Petrum</strong></span> <span class='ocrx_word' id='word_1_152' title='bbox 1141 2835 1247 2916; x_wconf 90' lang='lat' dir='ltr'><strong>primo</strong></span> <span class='ocrx_word' id='word_1_153' title='bbox 1280 2836 1394 2899; x_wconf 89' lang='lat' dir='ltr'><strong>citatus</strong></span> <span class='ocrx_word' id='word_1_154' title='bbox 1427 2856 1492 2898; x_wconf 91' lang='lat' dir='ltr'><strong>non</strong></span> 
     </span>
     <span class='ocr_line' id='line_1_24' title="bbox 211 2943 419 3026; baseline -0.01 -22"><span class='ocrx_word' id='word_1_155' title='bbox 211 2943 419 3026; x_wconf 86' lang='lat' dir='ltr'><strong>comparuit.</strong></span> 
     </span>
    </p>
   </div>
   <div class='ocr_carea' id='block_1_7' title="bbox 241 3177 1479 3374">
    <p class='ocr_par' dir='ltr' id='par_1_12' title="bbox 241 3177 1479 3374">
     <span class='ocr_line' id='line_1_25' title="bbox 241 3177 1479 3269; baseline 0 -17"><span class='ocrx_word' id='word_1_156' title='bbox 241 3177 343 3252; x_wconf 81' lang='lat' dir='ltr'><strong>FerIa</strong></span> <span class='ocrx_word' id='word_1_157' title='bbox 371 3189 468 3251; x_wconf 88' lang='lat' dir='ltr'><strong>sexta</strong></span> <span class='ocrx_word' id='word_1_158' title='bbox 497 3177 649 3269; x_wconf 85' lang='lat' dir='ltr'><strong>proxima</strong></span> <span class='ocrx_word' id='word_1_159' title='bbox 677 3187 752 3268; x_wconf 87' lang='lat' dir='ltr'><strong>post</strong></span> <span class='ocrx_word' id='word_1_160' title='bbox 781 3180 904 3251; x_wconf 83' lang='lat' dir='ltr'><strong>testum</strong></span> <span class='ocrx_word' id='word_1_161' title='bbox 933 3180 1029 3251; x_wconf 88' lang='lat' dir='ltr'><strong>beate</strong></span> <span class='ocrx_word' id='word_1_162' title='bbox 1059 3179 1243 3250; x_wconf 85' lang='lat' dir='ltr'><strong>Ilatharine</strong></span> <span class='ocrx_word' id='word_1_163' title='bbox 1273 3181 1416 3268; x_wconf 84' lang='lat' dir='ltr'><strong>virginis</strong></span> <span class='ocrx_word' id='word_1_164' title='bbox 1445 3191 1479 3252; x_wconf 89' lang='lat' dir='ltr'><strong>et</strong></span> 
     </span>
     <span class='ocr_line' id='line_1_26' title="bbox 773 3305 938 3374; baseline -0.006 0"><span class='ocrx_word' id='word_1_165' title='bbox 773 3305 938 3374; x_wconf 84' lang='lat' dir='ltr'><strong>martIris.</strong></span> 
     </span>
    </p>
   </div>
   <div class='ocr_carea' id='block_1_8' title="bbox 719 3472 992 3550">
    <p class='ocr_par' dir='ltr' id='par_1_13' title="bbox 719 3472 992 3550">
     <span class='ocr_line' id='line_1_27' title="bbox 719 3472 992 3550; baseline 0.007 -18"><span class='ocrx_word' id='word_1_166' title='bbox 719 3472 784 3550; x_wconf 80' lang='lat'><strong>(26.</strong></span> <span class='ocrx_word' id='word_1_167' title='bbox 807 3472 992 3547; x_wconf 81' lang='lat' dir='ltr'><strong>novembris).</strong></span> 
     </span>
    </p>
   </div>
   <div class='ocr_carea' id='block_1_9' title="bbox 208 3632 1490 4887">
    <p class='ocr_par' dir='ltr' id='par_1_14' title="bbox 208 3632 1490 3824">
     <span class='ocr_line' id='line_1_28' title="bbox 332 3632 1490 3718; baseline -0.001 -22"><span class='ocrx_word' id='word_1_168' title='bbox 332 3635 411 3696; x_wconf 89' lang='lat' dir='ltr'><strong>Item</strong></span> <span class='ocrx_word' id='word_1_169' title='bbox 443 3635 569 3718; x_wconf 88' lang='lat' dir='ltr'><strong>Mathys</strong></span> <span class='ocrx_word' id='word_1_170' title='bbox 593 3655 665 3697; x_wconf 88' lang='lat' dir='ltr'><strong>cum</strong></span> <span class='ocrx_word' id='word_1_171' title='bbox 691 3633 862 3716; x_wconf 82' lang='lat' dir='ltr'><strong>jobagione</strong></span> <span class='ocrx_word' id='word_1_172' title='bbox 887 3645 997 3694; x_wconf 86' lang='lat' dir='ltr'><strong>contra</strong></span> <span class='ocrx_word' id='word_1_173' title='bbox 1029 3632 1200 3693; x_wconf 85' lang='lat' dir='ltr'><strong>Lucasium</strong></span> <span class='ocrx_word' id='word_1_174' title='bbox 1224 3633 1414 3695; x_wconf 87' lang='lat' dir='ltr'><strong>secundario</strong></span> <span class='ocrx_word' id='word_1_175' title='bbox 1447 3634 1490 3695; x_wconf 92' lang='lat' dir='ltr'><strong>ci-</strong></span> 
     </span>
     <span class='ocr_line' id='line_1_29' title="bbox 208 3743 615 3824; baseline 0.005 -21"><span class='ocrx_word' id='word_1_176' title='bbox 208 3753 307 3804; x_wconf 87' lang='lat' dir='ltr'><strong>tatus</strong></span> <span class='ocrx_word' id='word_1_177' title='bbox 332 3762 397 3805; x_wconf 89' lang='lat' dir='ltr'><strong>non</strong></span> <span class='ocrx_word' id='word_1_178' title='bbox 426 3743 615 3824; x_wconf 86' lang='lat' dir='ltr'><strong>comparuit.</strong></span> 
     </span>
    </p>

    <p class='ocr_par' dir='ltr' id='par_1_15' title="bbox 220 3844 1487 4037">
     <span class='ocr_line' id='line_1_30' title="bbox 332 3844 1487 3930; baseline -0.001 -21"><span class='ocrx_word' id='word_1_179' title='bbox 332 3849 411 3911; x_wconf 87' lang='lat' dir='ltr'><strong>Item</strong></span> <span class='ocrx_word' id='word_1_180' title='bbox 447 3848 599 3909; x_wconf 87' lang='lat' dir='ltr'><strong>Herricus</strong></span> <span class='ocrx_word' id='word_1_181' title='bbox 631 3847 759 3930; x_wconf 86' lang='lat' dir='ltr'><strong>pellifex</strong></span> <span class='ocrx_word' id='word_1_182' title='bbox 793 3859 901 3909; x_wconf 90' lang='lat' dir='ltr'><strong>contra</strong></span> <span class='ocrx_word' id='word_1_183' title='bbox 935 3846 1020 3927; x_wconf 89' lang='lat' dir='ltr'><strong>Span</strong></span> <span class='ocrx_word' id='word_1_184' title='bbox 1054 3844 1245 3907; x_wconf 89' lang='lat' dir='ltr'><strong>secundario</strong></span> <span class='ocrx_word' id='word_1_185' title='bbox 1277 3846 1391 3907; x_wconf 90' lang='lat' dir='ltr'><strong>citatus</strong></span> <span class='ocrx_word' id='word_1_186' title='bbox 1422 3867 1487 3908; x_wconf 89' lang='lat' dir='ltr'><strong>non</strong></span> 
     </span>
     <span class='ocr_line' id='line_1_31' title="bbox 220 3955 420 4037; baseline 0.005 -19"><span class='ocrx_word' id='word_1_187' title='bbox 220 3955 420 4037; x_wconf 86' lang='lat' dir='ltr'><strong>comparuit.</strong></span> 
     </span>
    </p>

    <p class='ocr_par' dir='ltr' id='par_1_16' title="bbox 332 4058 1489 4142">
     <span class='ocr_line' id='line_1_32' title="bbox 332 4058 1489 4142; baseline -0.002 -19"><span class='ocrx_word' id='word_1_188' title='bbox 332 4062 411 4123; x_wconf 87' lang='lat' dir='ltr'><strong>Item</strong></span> <span class='ocrx_word' id='word_1_189' title='bbox 427 4061 589 4123; x_wconf 88' lang='lat' dir='ltr'><strong>lohannes</strong></span> <span class='ocrx_word' id='word_1_190' title='bbox 603 4059 691 4122; x_wconf 87' lang='lat' dir='ltr'><strong>rufus</strong></span> <span class='ocrx_word' id='word_1_191' title='bbox 707 4073 816 4121; x_wconf 88' lang='lat' dir='ltr'><strong>contra</strong></span> <span class='ocrx_word' id='word_1_192' title='bbox 834 4058 950 4120; x_wconf 88' lang='lat' dir='ltr'><strong>Paulas</strong></span> <span class='ocrx_word' id='word_1_193' title='bbox 965 4059 1070 4140; x_wconf 89' lang='lat' dir='ltr'><strong>primo</strong></span> <span class='ocrx_word' id='word_1_194' title='bbox 1084 4058 1198 4120; x_wconf 90' lang='lat' dir='ltr'><strong>citatus</strong></span> <span class='ocrx_word' id='word_1_195' title='bbox 1215 4079 1280 4119; x_wconf 88' lang='lat' dir='ltr'><strong>non</strong></span> <span class='ocrx_word' id='word_1_196' title='bbox 1298 4060 1489 4142; x_wconf 89' lang='lat' dir='ltr'><strong>comparuit.</strong></span> 
     </span>
    </p>

    <p class='ocr_par' dir='ltr' id='par_1_17' title="bbox 224 4165 1489 4358">
     <span class='ocr_line' id='line_1_33' title="bbox 333 4165 1489 4229; baseline -0.001 0"><span class='ocrx_word' id='word_1_197' title='bbox 333 4169 411 4229; x_wconf 89' lang='lat' dir='ltr'><strong>Item</strong></span> <span class='ocrx_word' id='word_1_198' title='bbox 437 4168 582 4229; x_wconf 86' lang='lat' dir='ltr'><strong>Thomas</strong></span> <span class='ocrx_word' id='word_1_199' title='bbox 605 4180 694 4229; x_wconf 88' lang='lat' dir='ltr'><strong>sutor</strong></span> <span class='ocrx_word' id='word_1_200' title='bbox 729 4180 840 4227; x_wconf 86' lang='lat' dir='ltr'><strong>contra</strong></span> <span class='ocrx_word' id='word_1_201' title='bbox 872 4166 957 4226; x_wconf 88' lang='lat' dir='ltr'><strong>lwan</strong></span> <span class='ocrx_word' id='word_1_202' title='bbox 990 4165 1139 4226; x_wconf 88' lang='lat' dir='ltr'><strong>Hozaren</strong></span> <span class='ocrx_word' id='word_1_203' title='bbox 1165 4178 1278 4227; x_wconf 85' lang='lat' dir='ltr'><strong>octavo</strong></span> <span class='ocrx_word' id='word_1_204' title='bbox 1311 4165 1361 4226; x_wconf 92' lang='lat' dir='ltr'><strong>die</strong></span> <span class='ocrx_word' id='word_1_205' title='bbox 1394 4180 1489 4229; x_wconf 89' lang='lat' dir='ltr'><strong>testes</strong></span> 
     </span>
     <span class='ocr_line' id='line_1_34' title="bbox 224 4273 540 4358; baseline 0 -22"><span class='ocrx_word' id='word_1_206' title='bbox 224 4276 406 4358; x_wconf 88' lang='lat' dir='ltr'><strong>producere</strong></span> <span class='ocrx_word' id='word_1_207' title='bbox 435 4273 540 4336; x_wconf 90' lang='lat' dir='ltr'><strong>debet.</strong></span> 
     </span>
    </p>

    <p class='ocr_par' dir='ltr' id='par_1_18' title="bbox 226 4377 1490 4569">
     <span class='ocr_line' id='line_1_35' title="bbox 331 4377 1490 4460; baseline 0.001 -19"><span class='ocrx_word' id='word_1_208' title='bbox 331 4379 409 4441; x_wconf 89' lang='lat' dir='ltr'><strong>Item</strong></span> <span class='ocrx_word' id='word_1_209' title='bbox 427 4399 520 4441; x_wconf 91' lang='lat' dir='ltr'><strong>causa</strong></span> <span class='ocrx_word' id='word_1_210' title='bbox 545 4379 673 4440; x_wconf 87' lang='lat' dir='ltr'><strong>Thome</strong></span> <span class='ocrx_word' id='word_1_211' title='bbox 699 4391 809 4439; x_wconf 87' lang='lat' dir='ltr'><strong>contra</strong></span> <span class='ocrx_word' id='word_1_212' title='bbox 835 4377 949 4439; x_wconf 87' lang='lat' dir='ltr'><strong>Paulas</strong></span> <span class='ocrx_word' id='word_1_213' title='bbox 967 4397 1067 4459; x_wconf 85' lang='lat' dir='ltr'><strong>usque</strong></span> <span class='ocrx_word' id='word_1_214' title='bbox 1085 4391 1157 4440; x_wconf 90' lang='lat' dir='ltr'><strong>octo</strong></span> <span class='ocrx_word' id='word_1_215' title='bbox 1175 4377 1243 4440; x_wconf 88' lang='lat' dir='ltr'><strong>dies</strong></span> <span class='ocrx_word' id='word_1_216' title='bbox 1259 4377 1299 4439; x_wconf 83' lang='lat' dir='ltr'><strong>ad</strong></span> <span class='ocrx_word' id='word_1_217' title='bbox 1317 4398 1428 4460; x_wconf 91' lang='lat' dir='ltr'><strong>pacem</strong></span> <span class='ocrx_word' id='word_1_218' title='bbox 1444 4394 1490 4442; x_wconf 89' lang='lat' dir='ltr'><strong>est</strong></span> 
     </span>
     <span class='ocr_line' id='line_1_36' title="bbox 226 4500 364 4569; baseline 0.007 -21"><span class='ocrx_word' id='word_1_219' title='bbox 226 4500 364 4569; x_wconf 87' lang='lat' dir='ltr'><strong>recepta.</strong></span> 
     </span>
    </p>

    <p class='ocr_par' dir='ltr' id='par_1_19' title="bbox 228 4590 1489 4780">
     <span class='ocr_line' id='line_1_37' title="bbox 333 4590 1489 4672; baseline 0.001 -19"><span class='ocrx_word' id='word_1_220' title='bbox 333 4591 410 4655; x_wconf 93' lang='lat' dir='ltr'><strong>Item</strong></span> <span class='ocrx_word' id='word_1_221' title='bbox 435 4592 545 4654; x_wconf 90' lang='lat' dir='ltr'><strong>Petrus</strong></span> <span class='ocrx_word' id='word_1_222' title='bbox 569 4592 691 4672; x_wconf 83' lang='lat' dir='ltr'><strong>juratus</strong></span> <span class='ocrx_word' id='word_1_223' title='bbox 715 4605 823 4654; x_wconf 86' lang='lat' dir='ltr'><strong>contra</strong></span> <span class='ocrx_word' id='word_1_224' title='bbox 848 4591 977 4654; x_wconf 90' lang='lat' dir='ltr'><strong>Petrum</strong></span> <span class='ocrx_word' id='word_1_225' title='bbox 997 4590 1154 4653; x_wconf 89' lang='lat' dir='ltr'><strong>decanum</strong></span> <span class='ocrx_word' id='word_1_226' title='bbox 1179 4606 1292 4653; x_wconf 86' lang='lat' dir='ltr'><strong>octavo</strong></span> <span class='ocrx_word' id='word_1_227' title='bbox 1318 4591 1369 4653; x_wconf 91' lang='lat' dir='ltr'><strong>die</strong></span> <span class='ocrx_word' id='word_1_228' title='bbox 1394 4605 1489 4654; x_wconf 85' lang='lat' dir='ltr'><strong>testes</strong></span> 
     </span>
     <span class='ocr_line' id='line_1_38' title="bbox 228 4697 534 4780; baseline 0.007 -22"><span class='ocrx_word' id='word_1_229' title='bbox 228 4697 403 4780; x_wconf 87' lang='lat' dir='ltr'><strong>producere</strong></span> <span class='ocrx_word' id='word_1_230' title='bbox 429 4697 534 4762; x_wconf 88' lang='lat' dir='ltr'><strong>debet.</strong></span> 
     </span>
    </p>

    <p class='ocr_par' dir='ltr' id='par_1_20' title="bbox 332 4802 1360 4887">
     <span class='ocr_line' id='line_1_39' title="bbox 332 4802 1360 4887; baseline 0.002 -23"><span class='ocrx_word' id='word_1_231' title='bbox 332 4802 408 4865; x_wconf 89' lang='lat' dir='ltr'><strong>Item</strong></span> <span class='ocrx_word' id='word_1_232' title='bbox 435 4804 550 4866; x_wconf 88' lang='lat' dir='ltr'><strong>Paulas</strong></span> <span class='ocrx_word' id='word_1_233' title='bbox 573 4819 682 4867; x_wconf 88' lang='lat' dir='ltr'><strong>contra</strong></span> <span class='ocrx_word' id='word_1_234' title='bbox 709 4803 900 4887; x_wconf 88' lang='lat' dir='ltr'><strong>Gregorium</strong></span> <span class='ocrx_word' id='word_1_235' title='bbox 927 4818 1042 4867; x_wconf 88' lang='lat' dir='ltr'><strong>octavo</strong></span> <span class='ocrx_word' id='word_1_236' title='bbox 1066 4804 1118 4866; x_wconf 91' lang='lat' dir='ltr'><strong>die</strong></span> <span class='ocrx_word' id='word_1_237' title='bbox 1143 4803 1360 4887; x_wconf 90' lang='lat' dir='ltr'><strong>respondebit.</strong></span> 
     </span>
    </p>
   </div>
   <div class='ocr_carea' id='block_1_10' title="bbox 0 0 1721 5362">
    <p class='ocr_par' dir='ltr' id='par_1_21' title="bbox 0 0 1721 5362">
     <span class='ocr_line' id='line_1_40' title="bbox 0 0 1721 5362; baseline 0 0"><span class='ocrx_word' id='word_1_238' title='bbox 0 0 1721 5362; x_wconf 95' lang='lat' dir='ltr'><strong> </strong></span> 
     </span>
    </p>
   </div>
  </div>
 </body>
</html>
