3404 5362
608 105 694 161 Anna
717 100 810 180 1382.
834 136 877 146 —
900 117 950 163 22.
980 100 1094 177 aprilis.
1431 103 1488 184 169

330 316 406 377 item
432 335 526 376 causa
552 315 663 376 Jacobi
690 314 775 375 Lach
799 313 882 395 capti
900 312 940 373 ad
964 328 1114 374 octavum
1132 314 1218 376 diem
1243 328 1289 375 est
1307 329 1490 395 prorogata.

331 420 409 482 Item
434 422 522 502 quod
548 421 624 502 quia
648 421 760 482 Petrus
778 418 863 481 filius
887 419 972 480 iwan
990 420 1154 501 quandam
1178 421 1306 481 vineam
1331 421 1490 482 desertam

209 544 276 606 per
313 526 481 587 dominam
505 526 612 595 Philes
644 526 704 586 sibi
736 524 777 586 ad
806 523 1026 585 recollendum
1058 525 1251 604 assignatam
1277 525 1411 586 minime
1443 545 1491 586 re-

215 632 418 710 melioravit‚
443 631 532 713 quod
553 630 613 693 tuit
629 629 796 692 manifeste
823 631 931 712 probis
949 631 1040 709 viris,
1057 630 1131 691 ideo
1149 631 1216 712 ipsa
1241 631 1334 692 vinea
1359 631 1490 693 domine

212 737 319 800 Clare
344 736 409 799 filie
433 757 490 799 sue
515 751 561 799 est
584 737 776 816 adjudicata.

328 862 406 924 Item
431 882 526 924 causa
550 862 705 923 iohannis
722 860 779 922 filii
806 861 982 943 Mychaelis
999 875 1108 922 contra
1134 860 1251 944 Gyuan
1276 861 1317 922 ad
1341 876 1491 924 octavum

214 969 312 1029 diem
339 983 384 1030 est
408 983 590 1051 prorogata.

334 1074 413 1136 Item
437 1095 531 1136 causa
562 1073 704 1136 filiorum
737 1074 864 1135 comitis
885 1073 971 1135 lwan
1004 1088 1114 1135 contra
1145 1074 1323 1135 Johannem
1351 1073 1492 1154 judicem

217 1181 265 1242 ad
292 1181 475 1262 quindenas
501 1200 539 1242 eo
564 1180 663 1242 modo
693 1194 739 1240 cst
770 1194 952 1262 prorogata,
985 1179 1072 1261 quod
1103 1180 1128 1241 si
1154 1180 1220 1260 ipse
1246 1180 1408 1241 Johannes
1440 1181 1491 1242 vel

209 1287 356 1348 domina
380 1306 511 1348 consors
535 1306 590 1347 sua
615 1285 778 1368 quandam
803 1299 920 1347 terram
945 1285 1099 1346 arabilem
1123 1305 1180 1367 per
1204 1286 1341 1367 Mykech
1367 1302 1491 1367 patrem

211 1392 307 1453 dicte
342 1392 473 1454 domine
505 1393 650 1475 predicto
675 1392 785 1454 comiti
810 1392 895 1452 iwan
932 1391 1020 1474 olym
1054 1392 1302 1473 inpignoratam,
1334 1393 1491 1454 redimere

207 1499 396 1577 voluerint,
422 1500 504 1560 bene
528 1499 672 1580 quidem,
697 1498 844 1579 alioquin
873 1498 974 1579 ipsam
1006 1512 1122 1559 terram
1157 1497 1255 1559 iidem
1280 1497 1337 1559 filii
1363 1499 1491 1560 comitis

214 1618 321 1687 prout
346 1605 422 1686 ipsis
446 1618 493 1666 est
527 1605 729 1686 inpignorata
762 1604 943 1684 cuicunque
977 1604 1138 1666 voluerint
1174 1605 1310 1666 liberam
1343 1607 1492 1688 inpigno-

215 1710 317 1772 randi
343 1709 509 1771 habebunt
533 1708 728 1773 facultatem.

334 1833 411 1894 Item
439 1833 571 1915 quidam
596 1832 716 1895 fundus
733 1835 889 1896 balnealis
906 1854 962 1916 per
982 1834 1118 1917 Mykech
1144 1834 1246 1896 filiurn
1272 1836 1386 1898 Hench
1403 1838 1491 1919 olym

214 1939 334 2000 comiti
362 1939 446 2001 iwan
471 1940 695 2022 inpignoratus
718 1960 820 2021 usque
845 1955 918 2002 octo
945 1940 1013 2001 dies
1045 1942 1185 2002 estimari
1210 1941 1306 2003 debet
1330 1957 1362 2004 et
1385 1942 1491 2024 ipsum

215 2045 388 2106 Johannes
412 2045 508 2124 judex
532 2046 582 2106 vel
607 2066 664 2107 sua
688 2067 819 2109 consors
840 2048 865 2108 si
890 2067 949 2129 pro
971 2048 1038 2128 ipsa
1064 2048 1271 2109 estimacione
1296 2067 1354 2129 pro
1378 2069 1411 2109 se
1437 2049 1491 2110 ha·

218 2153 324 2213 buere
348 2152 522 2230 voluerint,
547 2155 628 2214 bene
660 2153 803 2234 quidem,
836 2154 981 2234 alioquin
1007 2155 1108 2236 ipsam
1141 2155 1384 2216 estimacionem
1410 2155 1492 2216 ultra

215 2257 397 2320 duodecim
433 2278 554 2320 marcas
589 2258 706 2321 iactam
743 2261 800 2342 ipsi
837 2258 895 2321 filii
928 2261 1055 2321 comitis
1087 2260 1172 2321 iwan
1205 2261 1327 2322 eisdem
1353 2262 1492 2324 iohanni

216 2364 275 2425 vel
314 2385 370 2425 sue
407 2365 548 2426 consorti
586 2365 687 2447 ipsam
730 2365 925 2448 superfluam
958 2366 1199 2427 estimacionem
1241 2367 1365 2429 solvere
1404 2381 1493 2430 tene·

222 2473 355 2534 buntur.

331 2576 410 2637 item
444 2577 613 2637 Ladislaus
644 2577 728 2639 tular
759 2578 858 2639 tercio
889 2598 922 2639 se
951 2591 1065 2640 octavo
1098 2579 1149 2639 die
1181 2598 1339 2660 supereo
1364 2579 1493 2659 jurabit,

228 2681 316 2762 quod
341 2683 409 2763 ipse
435 2683 466 2742 in
491 2683 713 2744 subtraccione
739 2683 906 2744 cuiusdam
930 2684 1011 2744 milii
1037 2684 1192 2745 innocens
1216 2684 1265 2746 sit.

332 2787 411 2849 Item
430 2789 517 2870 quod
535 2789 611 2869 quia
636 2789 789 2850 Nicolaus
805 2788 1001 2872 Zdalchalep
1025 2804 1134 2851 contra
1153 2791 1236 2851 Rees
1261 2810 1390 2852 causam
1408 2792 1494 2871 prius

224 2907 348 2955 motam
374 2913 430 2954 seu
455 2894 625 2975 aquisitam
650 2895 689 2955 ad
714 2914 844 2976 presens
873 2894 979 2956 iorum
1005 2896 1117 2974 movit,
1149 2896 1223 2956 ideo
1247 2916 1320 2957 cum
1346 2916 1412 2958 uno
1446 2896 1493 2976 ju·

227 2999 312 3061 dicio
335 3019 465 3061 causam
486 3000 588 3061 movit
612 3014 643 3061 et
667 3019 740 3062 cum
768 3002 912 3062 secundo
936 3001 1057 3082 judicio
1082 3001 1150 3083 ipsa
1181 3021 1275 3063 causa
1301 3017 1347 3063 est
1370 3002 1491 3064 sedata.

332 3124 412 3186 Item
444 3125 533 3205 quod
565 3125 640 3206 quia
674 3123 850 3206 Gregorius
880 3125 1001 3204 juratus
1032 3126 1167 3187 voschar
1199 3126 1347 3187 universa
1372 3126 1492 3203 debita,

228 3231 344 3312 quibus
368 3231 473 3312 ipsum
498 3231 653 3291 Nicolaus
669 3229 754 3291 filius
772 3229 896 3292 Odolas
913 3232 1092 3292 debitorem
1117 3230 1186 3292 iore
1204 3233 1366 3292 asserebat
1390 3245 1422 3293 et
1439 3231 1492 3292 de·

228 3337 310 3398 bitor
334 3334 454 3414 luisset,
480 3336 539 3417 ipsi
572 3336 708 3397 Nicolao
742 3337 884 3417 plenarie
917 3337 1071 3419 persolvit
1095 3351 1126 3398 et
1158 3339 1189 3398 in
1215 3338 1368 3398 omnibus
1392 3339 1495 3399 causis

226 3440 387 3520 satisfecit,
411 3442 486 3503 ideo
512 3442 578 3523 ipse
604 3441 781 3523 Gregorius
803 3462 899 3524 super
923 3443 1084 3525 premissis
1108 3458 1155 3504 est
1178 3444 1357 3525 expeditus.

651 3680 747 3753 ieris
777 3686 885 3754 tercia
918 3702 1071 3771 sequens.

750 3856 815 3927 (22.
839 3850 967 3926 aprilis).

331 4010 409 4072 Item
425 4008 588 4071 Johannes
612 4024 643 4071 et
667 4009 815 4092 Mychael
840 4008 959 4071 filiolus
983 4029 1059 4070 suus
1076 4023 1185 4069 contra
1211 4008 1353 4069 Blasium
1377 4006 1493 4069 aurii·

233 4116 323 4177 brum
348 4129 462 4177 octavo
487 4116 538 4178 die
562 4116 813 4197 respondebunt.

332 4222 410 4284 Item
434 4222 579 4283 Thomas
603 4236 712 4283 contra
737 4235 917 4282 consortem
940 4220 1088 4302 Gregorii
1114 4220 1171 4282 filii
1197 4220 1352 4281 Johannis
1376 4233 1489 4280 octavo

230 4327 279 4390 die
302 4328 521 4409 respondebit.

332 4435 411 4496 Item
435 4454 528 4495 causa
546 4433 655 4495 Mathe
670 4434 787 4495 sutoris
805 4448 915 4495 contra
937 4433 1100 4495 Thomam
1119 4447 1261 4494 sutorem
1277 4433 1317 4493 ad
1342 4444 1493 4493 octavum

233 4539 314 4602 diem
338 4542 380 4603 ad
407 4561 519 4624 pacem
544 4555 590 4603 est
619 4555 755 4622 recepta.
