3404 5362
354 353 416 416 340

1503 420 1628 440 ...Α

356 545 508 608 extitisset
533 543 638 605 minus
663 541 769 603 debite
795 555 825 602 et
850 540 977 622 injuste,
1001 558 1098 620 quam
1116 558 1171 599 sua
1197 551 1298 600 mater
1313 536 1466 600 videlicet
1483 528 1628 621 predicti

354 650 519 715 Benedicti
537 648 681 733 predicto
706 647 844 710 lohanni
862 645 944 708 inlra
965 645 1140 707 triennium
1159 644 1313 707 incultam
1337 643 1377 706 ad
1402 644 1629 707 laborandum

353 757 545 834 tradidisset,
564 753 699 817 eandem
717 754 845 815 vineam
869 751 1013 834 predicto
1037 748 1176 812 iohanni
1194 751 1254 811 sub
1271 764 1364 833 pacto
1388 750 1551 833 premisso
1568 749 1630 812 ad-

353 862 567 945 judicavimus
591 861 743 923 utendam
768 873 799 922 et
816 859 1025 921 laborandam
1042 856 1303 920 contradiccione
1333 857 1435 939 ipsius
1460 850 1639 919 Benedicti

354 988 419 1031 non
443 969 599 1030 obstante.

459 1073 537 1135 Item
562 1072 715 1134 Nicolaus
738 1071 823 1133 lilius
847 1070 972 1132 Nicolai
999 1083 1108 1133 contra
1134 1068 1330 1152 Gregorium
1355 1067 1500 1131 voschar
1523 1068 1639 1152 primo

356 1181 470 1242 citatus
494 1199 558 1240 non
584 1178 773 1260 comparuit.

458 1286 536 1348 ltem
560 1286 675 1367 Blasya
707 1285 821 1347 mulier
853 1296 963 1346 contra
996 1281 1199 1366 Mychaelem
1233 1282 1372 1364 juratum
1397 1282 1507 1365 primo
1535 1282 1638 1345 citata

353 1414 417 1456 non
443 1392 632 1474 comparuit.

460 1499 538 1562 ltem
564 1497 696 1558 domina
714 1496 812 1558 Lucia
837 1493 914 1557 feria
931 1509 1017 1557 sexta
1039 1495 1186 1578 proxima
1203 1494 1350 1557 atestabit
1373 1513 1430 1578 per
1456 1495 1637 1557 dominam

353 1608 464 1669 Betres
487 1619 518 1666 et
542 1623 674 1666 uxorem
693 1601 853 1664 lanchech
877 1599 1029 1663 aurifabri
1047 1600 1136 1683 quod
1153 1601 1294 1683 quedam
1319 1600 1427 1663 tunica
1457 1601 1638 1664 cuiusdam

353 1713 497 1775 mulieris
522 1713 634 1773 Kauka
659 1722 769 1772 vocate
794 1709 826 1770 in
851 1709 986 1792 pignore
1011 1709 1174 1770 extitisset.

460 1818 539 1881 ltem
563 1816 707 1877 Andreas
731 1815 787 1878 Sib
811 1828 921 1877 contra
954 1814 1110 1877 iacobum
1143 1812 1315 1897 pellificem
1347 1827 1464 1877 octavo
1499 1813 1556 1876 die
1582 1835 1637 1877 re-

353 1924 536 2008 spondebit.

461 2031 538 2093 ltem
563 2029 638 2112 quia
665 2028 801 2112 Mykech
825 2027 1083 2091 filiusLeonardi
1102 2027 1305 2090 Markethoni
1330 2027 1470 2091 condam
1496 2029 1634 2092 concivi

353 2151 462 2199 nostro
487 2137 608 2197 XXXX
633 2135 702 2199 flor.
727 2135 795 2197 auri
831 2134 932 2196 teneri
957 2133 1217 2215 dignoscebatur,
1250 2154 1308 2217 pro
1333 2134 1457 2197 eisdem
1483 2137 1640 2199 condam

352 2263 445 2304 suurn
464 2242 689 2304 molendinum
707 2241 772 2321 ipsi·
785 2238 987 2302 Markethoni
1006 2239 1157 2302 duximus
1173 2240 1379 2303 statuendum
1405 2261 1512 2323 usque
1530 2243 1641 2325 quin-

354 2349 452 2411 denas
477 2348 712 2410 redimendum.

461 2456 537 2517 Item
563 2455 638 2536 quia
664 2454 782 2515 Paulus
815 2450 955 2515 carnifex
986 2472 1046 2514 suo
1077 2452 1233 2536 premisso
1257 2453 1443 2515 testimonio
1479 2457 1648 2518 atestavit

355 2560 443 2642 quod
469 2561 574 2642 ipsum
600 2559 781 2641 Stephanus
815 2559 847 2619 in
879 2556 958 2620 facie
992 2557 1120 2637 fixisset,
1156 2559 1230 2621 ideo
1263 2559 1446 2642 Stephanus
1479 2562 1645 2643 predicto

356 2665 457 2727 Paulo
482 2667 512 2727 in
539 2664 711 2747 quindenis
728 2664 807 2726 duas
824 2679 854 2726 et
879 2664 1018 2726 mediam
1037 2684 1175 2727 marcam
1195 2679 1224 2726 et
1242 2665 1339 2747 judici
1353 2685 1452 2728 unam
1472 2668 1642 2730 exsolvet.

355 2900 451 2975 Feria
480 2909 577 2974 serta
598 2904 753 2990 proxima
781 2911 858 2974 ante
878 2902 1001 2974 festum
1030 2902 1202 2974 beatorum
1224 2899 1361 2974 Fabiani
1381 2911 1415 2975 et
1433 2903 1644 2977 sebastiani

893 3028 1084 3098 martirum.

462 3196 569 3256 Primo
587 3194 750 3257 decretum
775 3196 877 3257 extitit
894 3215 950 3278 per
974 3195 1125 3276 judicem,
1139 3195 1259 3276 juratos
1283 3207 1315 3258 et
1330 3195 1516 3258 universam
1535 3216 1641 3260 come

356 3301 556 3377 munitatem,
582 3301 669 3381 quod
694 3301 955 3384 quandocunque
981 3301 1120 3384 Gyunga
1144 3301 1306 3383 penestica
1331 3301 1472 3382 judicem
1498 3303 1552 3365 vel
1579 3304 1641 3385 jur

358 3421 441 3469 ratos
473 3407 659 3488 ubicunque
696 3406 746 3467 vel
779 3407 1052 3489 quandocumque
1084 3407 1189 3469 verbis
1220 3406 1368 3489 turpibus
1400 3406 1566 3488 affecerit,
1597 3420 1642 3472 et

355 3514 416 3575 hoc
440 3503 576 3575 du'arum
609 3533 816 3596 personarum
850 3514 1087 3595 fidedignarum
1119 3527 1226 3597 posset
1257 3514 1482 3597 comprobari,
1508 3530 1641 3579 extunc

356 3621 387 3682 in
413 3621 524 3701 viginti
550 3621 663 3682 marcis
687 3620 893 3682 denariorum
918 3620 1127 3682 convincetur
1151 3620 1220 3703 ipso
1244 3619 1336 3685 lacto.

463 3727 541 3789 ltenr
567 3726 726 3808 Georgius
758 3727 842 3789 lilius
866 3728 954 3789 Norlr
984 3727 1148 3810 Stephano
1175 3725 1329 3810 Pundych
1361 3727 1488 3789 concivi
1514 3744 1640 3792 nostro

356 3834 388 3894 in
412 3832 583 3915 quindenis
607 3847 681 3895 octo
705 3853 819 3915 pensas
843 3834 1049 3895 denariorum
1074 3835 1226 3897 exsolvet.

462 3940 539 4001 ltem
566 3940 718 4002 Nicolaus
742 3939 826 4002 filius
851 3941 976 4001 Nicolai
1009 3954 1119 4002 contra
1145 3940 1340 4021 Gregorium
1370 3959 1483 4002 voscar
1508 3956 1640 4004 octavo

355 4044 407 4106 die
429 4045 648 4128 respondebit.

461 4151 538 4213 ltem
556 4171 650 4212 causa
675 4152 773 4212 Marci
799 4150 857 4213 lilii
884 4151 1009 4213 Mikech
1035 4151 1092 4214 filii
1111 4151 1271 4214 Leonardi
1297 4165 1328 4213 et
1344 4150 1477 4213 domine
1497 4153 1640 4236 Marga‘

355 4258 442 4319 rethe
467 4258 585 4318 sororis
608 4278 663 4319 sue
689 4259 798 4320 estad
824 4272 896 4319 octo
922 4257 989 4319 dies
1013 4272 1195 4340 prorogata.

462 4362 538 4425 ltcm
558 4364 693 4426 Mathias
717 4379 826 4427 contra
851 4365 1039 4446 magistrum
1062 4363 1242 4427 lohannem
1260 4365 1411 4448 Crispum
1436 4380 1557 4431 octavo
1574 4370 1638 4432 die

356 4468 423 4529 sola
447 4488 583 4550 persona
607 4470 724 4550 jurabit
747 4471 779 4532 in
805 4469 888 4533 lacto
913 4470 1044 4553 dampni
1070 4471 1236 4534 cuiusdam
1261 4472 1395 4536 cellarii.

463 4575 557 4654 Nota,
581 4576 656 4656 quia
685 4577 837 4658 magistro
870 4576 1008 4639 Johanni
1034 4576 1150 4660 Crispo
1175 4578 1299 4641 concivi
1333 4592 1444 4641 nostro
1469 4593 1502 4643 et
1527 4601 1636 4646 cano‘

357 4680 430 4741 nico
456 4681 589 4743 ecclesie
614 4684 829 4764 zagrabiensis
853 4698 997 4766 tempore
1028 4683 1186 4765 judicatus
1218 4683 1341 4747 domini
1375 4686 1559 4769 lacomclli,
1585 4691 1634 4752 si*

357 4786 475 4849 militer
506 4789 649 4850 concivis
684 4790 794 4868 nostri,
830 4790 995 4872 quoddam
1030 4790 1249 4872 juramentum
1290 4794 1418 4857 racione
1454 4796 1632 4861 cuiusdam
