3404 5362
611 350 810 428 Ann01389'.
837 387 874 397 -
901 351 951 413 16.
975 354 1102 414 octobris.
1436 374 1497 436 309

229 562 376 644 Hungari
403 565 550 626 terciario
575 565 792 647 proclamatus
816 564 856 625 ad
881 564 1041 643 justiciam
1059 584 1123 625 uon
1148 565 1246 642 venit,
1271 582 1302 626 et
1326 565 1400 627 ideo
1427 567 1497 627 ubi-

227 688 355 751 cunque
381 670 412 730 in
436 670 556 732 tenutis
579 670 716 732 civitatis
739 669 888 752 (inveniri
913 669 1043 752 poterit)
1067 670 1107 731 de
1132 671 1202 752 ipso
1229 671 1369 732 vindicta
1386 690 1497 753 sump-

229 789 336 837 matur
359 775 446 857 juxta
470 775 736 838 consvetudinem
761 775 906 838 civitatis.

337 880 415 942 ltem
449 882 537 963 quod
570 881 645 963 quia
679 881 764 943 cives
796 882 835 943 de
869 880 991 944 Clxicha
1024 895 1156 965 propter
1187 881 1307 944 factum
1330 882 1496 944 cuiusdam

231 986 346 1049 Kouch
372 1001 497 1049 nostros
520 988 670 1049 concives
694 988 832 1049 interae
856 1001 1087 1051 arestaverunt.

332 1111 410 1173 ltem
435 1131 492 1193 per
508 1111 651 1193 judicem
677 1125 707 1173 et
730 1111 850 1193 juratos
867 1132 960 1174 causa
977 1112 1102 1174 Nicolai
1122 1112 1270 1174 Delasich
1289 1125 1320 1174 et
1337 1112 1494 1175 lobannis

226 1217 377 1300 Grachyn
402 1219 446 1280 sic
471 1231 518 1279 est
542 1217 692 1298 judicata,
726 1219 814 1300 quod
839 1218 915 1300 quia
947 1218 1032 1280 cives
1055 1218 1095 1280 de
1123 1217 1244 1280 Chicba
1277 1219 1393 1280 nostris
1416 1238 1492 1281 con-

224 1325 350 1385 civibus
374 1338 504 1406 propter
532 1322 650 1385 factum
683 1322 848 1385 cuiusdam
875 1323 990 1385 Kouch
1011 1343 1060 1385 res
1092 1324 1234 1405 ipsorum
1259 1328 1490 1403 arestaverunt,

224 1430 300 1491 ideo
327 1430 441 1512 prelati
466 1430 620 1491 Nicolaus
644 1444 674 1491 et
699 1430 861 1492 Johannes
885 1428 1012 1511 Gracyn
1037 1429 1130 1491 dictis
1157 1430 1281 1491 civibus
1305 1430 1345 1491 de
1370 1429 1494 1492 Chicha

220 1537 462 1619 quinquaginta
479 1550 542 1599 tres
558 1536 628 1598 flor.
646 1536 802 1617 equaliter
818 1536 942 1597 solvere
961 1534 1117 1611 debeant;
1135 1548 1166 1597 et
1182 1549 1292 1617 postea
1306 1537 1492 1618 quicunque

219 1665 259 1704 ex
295 1643 465 1705 Tetonicis
496 1644 557 1705 huc
581 1643 705 1704 venerit
737 1643 787 1704 vel
819 1663 855 1703 ex
890 1643 966 1724 ipsis
991 1643 1022 1702 in
1057 1642 1175 1704 tenutis
1207 1643 1323 1704 nostris
1355 1644 1495 1725 reperire

213 1769 407 1832 possumus,
438 1762 554 1811 extunc
584 1748 687 1810 dictos
717 1748 787 1811 flor.
820 1768 915 1830 super
947 1747 1086 1810 eundem
1119 1748 1313 1831 recipiemus
1345 1761 1376 1810 et
1403 1749 1495 1811 dictis

214 1855 361 1918 Nicolao
387 1868 418 1917 et
442 1854 579 1916 Johanni
614 1855 844 1936 persolvemus,
877 1869 907 1916 et
931 1854 1039 1915 nullus
1073 1873 1110 1915 ex
1134 1854 1258 1916 civibus
1289 1855 1366 1936 ipsis
1390 1856 1491 1918 Tetu-

211 1962 329 2044 ni(ci)s
345 1974 468 2044 partem
494 1960 602 2023 lovere
628 1961 761 2037 debeat;
787 1961 853 2041 ipse
878 1961 964 2021 enlm
986 1959 1148 2022 Johannes
1171 1961 1272 2041 ipsam
1297 1980 1426 2022 causam
1450 1961 1490 2022 ad

211 2069 377 2150 antiquos
400 2067 523 2150 judices
546 2066 732 2149 appellavit,
750 2067 805 2148 qui
831 2066 916 2127 enim
935 2079 1056 2148 partem
1083 2066 1158 2149 ipsis
1183 2066 1351 2128 Tetonicis
1367 2081 1489 2149 partem

211 2174 347 2236 foveret
372 2187 487 2236 extunc
510 2173 582 2235 talis
605 2186 708 2234 totum
734 2173 910 2254 dampnum
935 2172 1078 2253 ipsorum
1103 2175 1317 2254 subportatur.

330 2279 408 2342 ltem
433 2280 520 2361 quod
546 2279 620 2360 quia
645 2278 834 2360 jobagiones
854 2279 953 2340 nostri
978 2278 1018 2339 de
1036 2279 1208 2340 Petrouina
1225 2294 1257 2341 et
1281 2279 1319 2341 de
1346 2280 1488 2342 Hrascha

212 2388 418 2450 multociens
449 2387 534 2447 cives
564 2399 691 2448 nostros
724 2386 930 2468 inpulsabant
961 2405 1057 2467 super
1089 2385 1182 2446 dacio
1214 2385 1364 2448 videlicet
1396 2386 1492 2447 unius

212 2514 329 2556 marce
354 2508 385 2556 et
410 2513 475 2554 uno
500 2513 593 2555 curru
626 2492 665 2553 de
699 2491 784 2570 leno,
816 2490 904 2573 quod
937 2491 1047 2553 comiti
1080 2492 1216 2573 singulis
1248 2491 1340 2553 annis
1364 2492 1489 2553 solvere

213 2601 397 2677 debebant,
422 2600 495 2661 idco
520 2601 551 2660 in
576 2599 718 2679 generali
744 2612 853 2659 nostro
887 2597 1023 2660 consilio
1056 2598 1264 2661 decernentes
1288 2598 1491 2661 decrevimus

215 2720 252 2769 et
290 2706 523 2784 commisimus,
558 2719 592 2768 ut
626 2703 738 2787 prefati
775 2704 964 2786 jobagiones
996 2702 1034 2763 de
1067 2703 1151 2765 dicta
1183 2704 1356 2767 Petroulna
1389 2718 1419 2766 et
1451 2705 1490 2766 de

221 2812 369 2874 Hrascha
394 2812 530 2892 singulis
554 2811 646 2872 annis
670 2826 777 2873 nostre
795 2810 1018 2872 communitati
1036 2810 1173 2890 quilibet
1197 2831 1309 2872 eorum
1335 2832 1400 2873 non
1418 2811 1491 2893 plus

217 2920 280 2981 nisi
299 2939 402 2982 unum
421 2918 489 2982 flor.
508 2918 576 2979 auri
593 2919 718 2979 solvere
735 2930 891 2995 teneatur,
909 2916 1083 2998 predictam
1103 2931 1210 2979 autem
1234 2938 1331 2979 unam
1350 2937 1489 2979 marcam

214 3026 428 3088 denariorum
454 3039 485 3087 et
509 3023 618 3086 lenum
644 3024 766 3087 eisdem
790 3024 980 3086 relaxamus.

328 3264 509 3347 ·Sabbat0,
537 3263 693 3334 videlieet
724 3265 755 3334 in
785 3263 871 3335 iesto
900 3264 989 3335 beati
1020 3262 1105 3334 Galli
1135 3264 1350 3335 confessoris.

739 3413 801 3492 (16.
824 3418 965 3491 octobris).

328 3557 405 3617 ltem
427 3577 484 3638 per
508 3557 658 3637 antiquos
675 3556 797 3637 judices
820 3577 914 3618 causa
932 3556 1086 3617 iohannis
1104 3557 1192 3638 parvi
1217 3570 1247 3618 et
1271 3556 1369 3617 Marci
1396 3555 1486 3617 Gmi-

219 3662 391 3723 zouichsic
408 3662 612 3741 estjudicata,
627 3662 715 3744 quod
729 3662 813 3724 idem
833 3663 994 3724 Johannes
1007 3683 1123 3744 parvus
1140 3678 1253 3724 octavo
1269 3663 1320 3724 die
1334 3681 1429 3744 super
1447 3683 1485 3724 eo

218 3769 337 3851 jurabit
362 3783 395 3829 ut
419 3767 560 3850 prefatus
586 3771 693 3831 Marco
718 3769 756 3830 de
779 3769 989 3851 quadraginta
1015 3768 1084 3831 flor.
1110 3770 1189 3847 auri,
1214 3788 1295 3850 quos
1319 3768 1405 3830 idem
1431 3770 1484 3830 lo·

219 3875 343 3937 hannes
377 3875 437 3936 sibi
474 3875 513 3936 ad
550 3894 756 3937 communem
790 3875 914 3936 lucrum
952 3888 1167 3954 concesserat,
1199 3874 1326 3935 nullum
1362 3875 1487 3936 lucrum

219 3982 328 4044 eidem
352 3980 501 4042 dedisset.

327 4086 406 4149 ltem
430 4086 571 4169 prefatus
597 4087 705 4147 Marco
724 4101 838 4148 octavo
864 4086 1081 4149 dissimiliter
1106 4086 1210 4166 jurare
1227 4087 1322 4149 debet
1347 4101 1378 4148 et
1402 4100 1486 4148 recte

219 4193 338 4270 dicere,
363 4207 394 4254 et
418 4206 575 4274 quantum
601 4193 632 4253 in
658 4191 788 4273 prelatis
805 4193 1017 4274 quadraginta
1036 4192 1104 4256 flor.
1123 4193 1190 4254 auri
1216 4193 1295 4254 lucri
1313 4191 1487 4256 habuisset.

327 4297 406 4360 ltem
437 4318 531 4360 causa
557 4297 711 4360 Johannis
736 4298 863 4381 Gracyn
885 4313 916 4361 et
940 4298 1065 4361 Nicolai
1084 4299 1230 4360 Delasich
1255 4318 1311 4380 per
1335 4299 1486 4379 antiquos

219 4405 344 4485 judices
365 4405 409 4467 sic
434 4419 480 4466 est
503 4405 653 4485 judicata,
678 4405 765 4486 quod
790 4405 865 4486 quia
890 4405 1029 4466 vidimus
1049 4420 1079 4468 et
1103 4405 1305 4487 percepimus
1329 4404 1484 4486 quod...

221 4509 362 4571 anullis
386 4509 572 4571 hominibus
605 4511 762 4572 extraneis
792 4530 887 4592 super
919 4510 1059 4592 quadam
1084 4530 1189 4590 causa,
1222 4531 1284 4592 que
1310 4511 1391 4572 inter
1415 4530 1484 4591 pre-

222 4614 325 4677 dictos
349 4616 529 4678 iohannem
555 4616 682 4698 Gracyn
702 4631 732 4677 et
758 4616 927 4679 Nicolaum
946 4619 1137 4693 vertebatur,
1154 4637 1249 4698 super
1274 4618 1378 4699 ipsum
1396 4615 1484 4677 nulla

219 4723 421 4803 querimonia
446 4723 622 4802 dicebatur,
647 4724 721 4785 ideo
747 4724 851 4805 ipsum
865 4723 1045 4784 iohannem
1069 4744 1126 4806 per
1150 4725 1259 4785 ornnia
1284 4723 1484 4785 reddidimus

221 4829 403 4912 expeditum
430 4844 459 4891 et
484 4830 587 4912 ipsum
614 4829 785 4891 Nicolaum
813 4829 1009 4911 expeditum,
1041 4843 1072 4892 et
1097 4830 1261 4892 universas
1285 4850 1396 4892 causas
1420 4848 1482 4911 que
