3404 5362
326 337 388 418 298
710 339 796 395 Anno
818 333 912 412 1389.
937 369 980 379 -
997 351 1054 413 30.
1077 333 1192 410 apn'lis.

430 552 507 612 Item
534 550 719 614 Leonardus
743 563 843 611 sartor
867 563 977 611 contra
1001 548 1132 611 Petrum
1161 547 1353 609 secundario
1382 546 1497 608 citatus
1522 566 1581 607 non

324 658 514 740 comparuit.

431 765 509 827 ltem
535 765 648 828 Simon
672 778 773 826 sartor
797 777 908 827 contra
932 762 1119 845 Gyaninum
1151 759 1343 823 secundario
1379 759 1494 821 citatus
1526 779 1587 820 non

323 872 513 953 comparuit.

429 979 505 1040 ltem
532 978 598 1040 luri
624 991 732 1040 contra
758 977 894 1038 Selezlro
918 976 1024 1058 primo
1052 975 1166 1037 citatus
1189 994 1255 1036 non
1280 975 1473 1056 comparuit.

430 1086 506 1146 Item
532 1085 643 1146 Petrus
668 1082 862 1165 Munchtych
888 1095 997 1144 contra
1023 1081 1218 1163 Gregorium
1243 1080 1377 1142 voschar
1400 1081 1508 1162 primo
1548 1081 1588 1141 ci·

323 1204 408 1253 tatus
432 1211 496 1252 non
522 1190 711 1273 comparuit.

429 1298 506 1359 ltem
530 1297 649 1359 Paulus
681 1311 711 1358 et
743 1296 886 1359 Scorlich
919 1310 1028 1359 contra
1054 1295 1235 1357 iohannem
1260 1294 1341 1356 Bole
1364 1293 1472 1376 primo
1506 1292 1588 1354 citati

324 1423 389 1465 non
414 1417 672 1486 comparuerunt.

429 1510 506 1571 ltem
532 1508 702 1591 Matbeylra
727 1509 843 1570 mulier
868 1523 982 1571 octavo
1007 1509 1058 1569 die
1084 1528 1140 1590 per
1171 1519 1353 1568 consortem
1377 1505 1447 1565 Kus
1471 1518 1503 1565 et

322 1617 490 1680 mulierem
516 1616 576 1677 hoc
601 1616 758 1694 atestablt,
791 1616 878 1696 quod
912 1615 979 1698 ipsa
1004 1613 1171 1676 Elizabeth
1205 1612 1330 1674 mulieri
1364 1631 1423 1694 pro
1449 1628 1590 1693 quatuor

321 1723 425 1805 peplis
450 1723 593 1804 quinque
619 1741 741 1782 marcas
764 1722 979 1803 persolvisset.

427 1829 504 1891 ltem
531 1830 640 1890 Petrus
665 1827 804 1890 decanus
837 1843 948 1891 contra
973 1827 1103 1910 Mathey
1128 1827 1304 1887 salivenam
1336 1824 1442 1907 primo
1474 1825 1589 1886 citatus

320 1955 386 1997 non
415 1936 605 2017 comparuit.

424 2041 503 2103 ltem
528 2043 610 2104 alius
635 2043 745 2103 Petrus
778 2054 887 2103 contra
920 2039 1060 2101 eundem
1087 2039 1216 2122 Mathey
1249 2040 1354 2122 primo
1383 2038 1500 2099 citatus
1526 2057 1590 2098 non

320 2149 510 2230 comparuit.

425 2255 503 2317 ltem
530 2255 689 2336 Georgius
707 2255 804 2317 L0ter
828 2269 938 2316 contra
956 2254 1137 2316 iohannem
1155 2253 1284 2336 Gracyn
1300 2252 1449 2315 terciario
1474 2252 1591 2314 citatus

321 2380 385 2422 non
412 2363 602 2445 comparuit.

428 2468 505 2529 ltem
538 2473 631 2530 Anna
664 2469 779 2530 mulier
810 2481 924 2530 octavo
953 2467 1003 2528 die
1035 2467 1178 2529 secundo
1209 2486 1242 2527 se
1266 2485 1361 2548 super
1392 2485 1432 2527 eo
1457 2465 1590 2548 jurabit,

320 2574 409 2655 quod
434 2574 627 2636 Biharvarad
654 2576 754 2656 ipsam
780 2575 988 2638 vulnerasset.

428 2679 505 2741 ltem
523 2680 682 2761 Georgius
699 2682 915 2763 carpentarius
932 2695 1045 2743 octavo
1064 2681 1116 2743 die
1139 2680 1239 2742 tercio
1255 2699 1288 2742 se
1305 2700 1401 2761 super
1418 2699 1457 2742 eo
1483 2679 1589 2760 jurare

322 2785 428 2863 debet,
446 2785 533 2866 quod
553 2787 618 2867 ipse
636 2787 770 2847 nesciret
788 2787 860 2867 quis
883 2787 1023 2868 quedam
1040 2786 1106 2847 duo
1123 2786 1206 2868 palia
1231 2804 1327 2867 super
1343 2805 1473 2846 currum
1491 2807 1587 2849 suum

320 2892 489 2974 posuisset,
514 2912 549 2952 ac
585 2891 735 2954 dominus
767 2893 929 2954 lohannes
960 2894 1097 2954 condam
1129 2892 1236 2974 judex,
1261 2891 1423 2954 lohannes
1457 2892 1586 2977 Gracyn

320 3012 351 3060 et
377 2999 487 3059 Petrus
512 2999 579 3080 ipsa
603 2999 686 3080 palia
711 3002 750 3060 ab
776 3001 844 3082 ipso
869 3019 935 3062 non
960 3000 1191 3082 repetivissent.

429 3106 507 3167 ltem
525 3106 670 3168 Thomas
693 3109 910 3190 carpentarius
939 3108 1040 3169 Paulo
1065 3105 1227 3168 aurifabro
1252 3125 1309 3188 pro
1334 3125 1384 3184 eo,
1409 3106 1500 3187 quod
1525 3107 1583 3168 sibi

320 3232 421 3273 unum
446 3216 627 3275 membrum
654 3235 670 3276 a
696 3235 728 3276 re
747 3214 871 3276 fecisset
887 3215 998 3276 decem
1016 3233 1138 3275 marcas
1162 3232 1263 3293 usque
1280 3213 1462 3294 quindenas
1478 3213 1585 3276 eidem

319 3319 443 3380 solvere
469 3319 564 3382 debet
588 3340 623 3381 ac
649 3320 775 3382 medico
799 3319 989 3397 satisfacere,
1014 3319 1111 3401 judici
1141 3319 1243 3380 eciam
1267 3319 1347 3381 duas
1371 3338 1495 3381 marcas
1519 3321 1581 3381 sol·

319 3444 392 3487 vere
421 3426 528 3489 debet.

424 3533 501 3594 Item
526 3552 619 3593 causa
645 3533 798 3595 Demetrii
823 3547 932 3595 contra
958 3533 1095 3594 Borlram
1121 3552 1222 3613 usque
1247 3546 1320 3595 octo
1345 3533 1414 3595 dies
1437 3548 1484 3597 est
1508 3554 1581 3617 pro·

318 3650 437 3718 rogata.

424 3743 500 3804 ltem
527 3744 614 3825 quod
629 3746 776 3826 quamvis
794 3766 849 3827 per
866 3744 977 3807 fratres
994 3760 1024 3808 et
1042 3747 1206 3829 proximos
1225 3745 1350 3809 Milrech
1368 3747 1445 3809 dicti
1464 3748 1580 3830 Stepch

318 3850 358 3911 de
382 3850 526 3932 Zagorya
552 3851 672 3912 nobilis
695 3872 789 3933 super
813 3873 863 3931 eo,
887 3867 922 3914 ut
946 3853 1013 3935 ipse
1039 3852 1165 3914 Milrech
1191 3873 1247 3935 per
1271 3851 1411 3934 judicem
1436 3853 1579 3937 Capituli

318 3970 348 4019 et
371 3957 527 4037 quosdam
561 3956 733 4019 familiares
763 3958 886 4019 domini
919 3959 1073 4021 lobannis
1104 3959 1320 4022 archidiaconi
1353 3961 1393 4023 de
1424 3960 1578 4024 Vrbouch

318 4063 416 4125 nostri
443 4065 583 4125 concivis
609 4085 645 4125 ex
662 4065 749 4146 jussu
774 4080 804 4126 et
822 4065 974 4128 mandato
999 4066 1074 4128 dicti
1092 4067 1216 4128 domini
1241 4066 1396 4130 iohannis
1420 4069 1453 4129 in
1471 4083 1581 4132 nostro

316 4169 477 4231 territorio
502 4171 685 4232 vulneratus
711 4170 820 4234 fuisset
852 4186 1063 4254 conquestum
1096 4171 1202 4252 fuerit,
1236 4186 1344 4235 tamen
1369 4174 1517 4237 volentes
1541 4176 1580 4237 de

317 4277 479 4358 premissis
504 4277 768 4339 certitudinaliter
794 4279 921 4343 edoceri
955 4295 985 4340 et
1016 4278 1181 4341 informari
1208 4281 1324 4342 eodem
1357 4281 1492 4343 domino
1526 4282 1579 4345 Jo-

318 4381 421 4444 hanne
447 4384 655 4464 personaliter
679 4404 785 4446 coram
815 4387 908 4446 nobis
929 4399 1060 4464 astante,
1093 4386 1160 4447 viso
1186 4386 1258 4449 loco
1275 4387 1330 4449 ubi
1357 4387 1423 4469 ipse
1449 4388 1578 4450 Mikech

318 4489 459 4571 Scepcba
484 4492 667 4553 vulneratus
685 4490 794 4552 fuisset
817 4511 853 4552 ac
877 4491 1023 4572 diligenti
1046 4492 1269 4572 inquisicionis
1292 4493 1445 4555 scrutinio
1477 4491 1580 4575 factis,

317 4597 421 4678 ipsum
446 4598 582 4658 condam
608 4598 734 4660 Mikech
759 4618 824 4660 non
853 4599 885 4659 in
917 4613 1027 4661 nostro
1058 4600 1219 4661 territorio
1251 4600 1454 4663 vulneratum
1480 4600 1579 4664 fuisse

317 4723 374 4764 nec
399 4704 536 4766 extitisse
565 4705 752 4787 reperimus,
785 4725 843 4767 nec
867 4706 983 4767 scimus
1016 4726 1071 4787 per
1103 4726 1200 4787 quem
1225 4707 1291 4789 ipse
1314 4706 1440 4769 Milrech
1465 4708 1578 4771 vulne·

317 4823 401 4873 ratus
426 4809 544 4874 fuisset.
