3404 5362
219 346 260 426 96
616 345 702 401 Anno
725 353 812 420 1377.
839 376 878 386 -
903 340 954 402 26.
972 343 1066 418 junii.

325 555 402 615 Item
429 554 588 634 Georgius
606 553 750 615 literatus
766 566 875 615 contra
892 564 1047 615 textorem
1066 565 1180 614 octavo
1198 550 1250 614 dle
1267 549 1486 632 respondebit.

328 660 404 721 Item
430 660 552 742 Symon
577 658 717 721 carnifex
741 672 856 721 octavo
874 659 926 722 die
950 678 1006 741 per
1023 658 1201 740 Georgium
1226 656 1404 736 Truchich,
1422 657 1488 718 Ma·

219 766 415 850 theykonem
439 778 471 828 et
495 764 630 848 Petrych
655 765 802 827 atestabit
834 784 929 847 super
962 784 1013 843 e0,
1037 764 1126 846 quod
1158 764 1265 846 ipsum
1288 760 1489 843 Dragozlaus

218 872 356 935 condam
381 891 519 933 assessor
543 871 690 954 turpibus
714 871 820 933 verbis
843 869 1008 933 affecisset.

326 978 404 1039 Item
438 997 531 1039 causa
564 977 696 1038 Iwanini
727 990 758 1039 et
790 976 905 1039 Paulas
936 990 967 1039 et
998 996 1055 1058 per
1086 975 1280 1057 Gregorium
1313 993 1427 1035 voscar
1459 985 1490 1034 et

219 1084 390 1146 Nicolaum
416 1083 540 1146 Odolas
564 1082 605 1145 ad
630 1097 703 1145 octo
728 1083 797 1145 dies
821 1096 948 1165 recepta
980 1084 1019 1144 ad
1044 1101 1168 1164 pacem.

325 1192 403 1253 Item
429 1191 515 1275 Span
542 1206 656 1253 octavo
681 1191 732 1252 die
758 1203 869 1253 contra
887 1191 1042 1252 Iacobum
1068 1188 1241 1272 pellificem
1259 1187 1290 1249 in
1314 1206 1381 1269 quo
1405 1186 1489 1267 jura·

220 1298 312 1376 verit,
338 1297 424 1359 idem
449 1298 586 1359 Iacobus
610 1296 716 1359 eidem
745 1298 868 1359 solvere
900 1296 1061 1359 tenebitur
1085 1296 1117 1357 iu
1149 1294 1333 1377 quindenis,
1357 1306 1488 1375 peracto

220 1404 413 1486 juramento.

329 1510 406 1572 Item
431 1529 526 1571 causa
558 1509 713 1571 Iohannis
744 1508 856 1570 decani
889 1522 921 1571 et
950 1508 1104 1591 Stephani
1135 1522 1182 1570 est
1205 1528 1262 1590 per
1294 1506 1489 1587 Gregorium

220 1615 337 1697 Angeli
363 1629 393 1678 et
418 1616 525 1677 Eliam
550 1613 748 1677 aurifabrum
772 1613 813 1675 ad
838 1629 911 1676 octo
936 1615 1005 1677 dies
1029 1628 1155 1697 recepta
1179 1613 1220 1676 ad
1244 1633 1368 1697 pacem.

328 1722 406 1784 Item
431 1720 623 1782 Benedictus
646 1720 862 1802 Coponouicb
887 1735 997 1783 contra
1022 1720 1217 1803 Gregorium
1242 1720 1360 1801 Augeli
1384 1719 1490 1802 primo

223 1829 338 1890 citatus
362 1848 426 1889 non
451 1828 641 1909 comparuit.

330 1934 407 1996 Item
440 1954 534 1996 causa
566 1933 692 1995 Nicolai
717 1947 748 1995 et
780 1933 904 1996 domini
933 1934 1050 1996 Donati
1084 1948 1131 1996 est
1160 1932 1200 1995 ad
1231 1945 1306 1994 octo
1331 1931 1400 1992 dies
1431 1931 1490 1992 sub

223 2046 327 2104 forma
352 2040 456 2102 fiende
481 2041 567 2122 pacis
590 2055 771 2123 prorogata,
796 2041 871 2122 quia
904 2041 990 2102 idem
1015 2042 1169 2103 Nicolaus
1193 2039 1319 2101 nullum
1345 2039 1491 2100 testImo·

223 2148 313 2209 nium
332 2147 382 2208 vel
400 2147 508 2227 aliqua
521 2146 590 2226 jura
611 2146 681 2229 ipso
698 2147 838 2208 termino
859 2160 1045 2209 occurrente
1066 2147 1242 2230 producere
1261 2144 1363 2206 valuit
1379 2158 1492 2206 contra

224 2252 376 2329 eundem,
401 2266 435 2313 ut
459 2272 515 2313 sua
539 2271 629 2313 soror
653 2252 755 2313 divisa
772 2251 869 2314 fuerit
892 2273 947 2334 per
963 2268 1087 2336 patrem
1112 2273 1206 2315 suum
1231 2267 1261 2315 et
1284 2264 1432 2314 matrem.

330 2359 407 2419 Item
433 2359 607 2442 Matbeyko
631 2373 742 2421 contra
766 2360 836 2420 Noz
861 2360 966 2441 primo
991 2362 1104 2423 citatus
1128 2381 1193 2422 non
1218 2358 1409 2441 comparuit.

328 2464 405 2524 Item
429 2464 515 2525 Iwan
540 2480 650 2526 contra
675 2464 844 2527 Chernecb
868 2466 973 2548 primo
998 2467 1111 2529 citatus
1135 2486 1200 2527 non
1225 2464 1418 2546 comparuit.

328 2568 405 2630 Item
438 2570 592 2632 Nicolaus
625 2585 735 2633 contra
768 2572 909 2634 relictam
944 2572 1113 2635 Chernecb
1145 2573 1250 2654 primo
1283 2572 1398 2633 citatus
1424 2589 1491 2632 non

224 2676 414 2757 comparuit.

330 2782 409 2843 Item
434 2782 519 2844 Iwan
544 2797 653 2845 contra
680 2784 857 2867 Georgium
882 2786 987 2868 primo
1011 2787 1124 2849 citatus
1148 2805 1214 2849 non
1243 2784 1436 2866 comparuit.

332 2889 408 2951 Item
442 2889 613 2953 Chuethko
646 2905 676 2953 et
707 2891 784 2952 Iuan
817 2905 926 2954 contra
959 2891 1137 2975 Georgium
1166 2893 1270 2974 primo
1304 2891 1391 2953 citati
1426 2911 1493 2953 non

225 3009 482 3078 comparuerunt.

331 3103 409 3165 Item
435 3103 542 3164 Malka
566 3118 675 3165 contra
693 3104 768 3165 Iuan
788 3105 959 3188 Hlebopek
976 3106 1081 3188 primo
1105 3106 1198 3169 citata
1216 3126 1280 3167 non
1299 3107 1493 3188 comparuit.

330 3207 409 3270 Item
442 3208 498 3271 Sib
531 3210 639 3271 Endre
670 3223 779 3272 contra
812 3210 946 3273 Iuchech
980 3213 1214 3295 carpentarIum
1246 3213 1351 3294 primo
1376 3213 1495 3275 citatus

226 3333 291 3376 non
317 3315 505 3396 comparuit.

332 3418 410 3480 Item
442 3439 535 3481 causa
569 3419 706 3503 Mykech
738 3422 891 3484 institoris
922 3435 953 3486 et
984 3423 1140 3486 Anthonii
1173 3439 1220 3486 est
1250 3424 1290 3486 ad
1323 3436 1397 3486 octo
1423 3426 1495 3488 dies

227 3537 409 3607 prorogata.

331 3629 410 3691 Item
434 3632 528 3692 Anna
552 3629 667 3693 mulier
683 3645 798 3695 octavo
822 3634 875 3696 dle
892 3655 924 3696 se
948 3649 1033 3697 sexta
1059 3636 1176 3718 jurabit
1192 3637 1224 3698 in
1242 3657 1293 3716 eo,
1316 3639 1407 3719 quod
1424 3639 1495 3722 ipsa

226 3734 333 3797 nullas
357 3736 594 3800 incantaciones
617 3756 666 3802 ser
690 3740 867 3803 Benedicto
891 3742 1060 3805 intulisset.

251 3935 351 4011 Ieria
378 3946 478 4013 sexta
506 3943 661 4030 proxima
688 3951 765 4032 post
792 3944 915 4016 lestum
944 3944 1143 4018 Nativitatis
1181 3948 1270 4019 beati
1298 3947 1467 4038 Jobannis

773 4067 935 4158 baptiste.

754 4216 821 4299 (26.
844 4221 954 4297 juna).

331 4353 441 4417 Primo
482 4354 657 4438 Dyonisius
699 4371 787 4421 sutor
826 4375 934 4425 contra
972 4364 1094 4426 Lucam
1127 4366 1233 4449 primo
1275 4368 1390 4431 citatus
1426 4392 1494 4435 non

227 4461 416 4542 comparuit.

332 4565 412 4628 Item
437 4568 566 4631 Sorsich
590 4570 757 4633 Emericus
781 4587 813 4636 et
837 4575 947 4637 Petrus
979 4592 1088 4641 contra
1113 4581 1291 4644 Iohannem
1316 4584 1425 4666 primo
1450 4587 1494 4650 ci-

227 4670 283 4732 tati
307 4691 373 4733 non
394 4690 665 4756 comparueruntt.

333 4778 410 4840 Item
435 4779 599 4844 Iohannes
623 4797 733 4846 contra
758 4785 966 4850 Salomonem
990 4805 1104 4854 octavo
1129 4794 1181 4857 die
1205 4797 1426 4878 respondebit.
