3398 5364
1422 360 1482 442 3⁶3

323 573 401 634 ltem
419 620 427 636 .
444 623 452 638 .
470 573 647 635 Cordarich
665 588 775 636 contra
796 573 927 635 luanam
952 572 1057 654 primo
1074 573 1188 635 citatus
1205 591 1270 633 non
1288 574 1479 655 comparuit.

327 678 406 741 Item
438 699 532 741 causa
557 680 712 742 lobannis
729 694 759 741 et
784 678 932 760 Gregorii
957 677 1050 741 Cilus
1082 693 1191 741 contra
1217 679 1408 741 Michaelem
1442 679 1483 741 ad

211 799 293 847 octo
319 784 388 846 dies
411 800 458 848 est
481 785 521 846 ad
547 805 660 868 pacem
685 799 822 868 recepta.

325 891 403 952 Item
426 912 521 953 causa
546 892 643 954 Blasii
667 894 797 956 sartoris
821 906 929 954 contra
952 892 1027 953 lvan
1051 890 1091 954 ad
1115 907 1188 954 octo
1213 892 1281 954 dies
1304 892 1344 953 ad
1370 912 1482 973 pacem

215 1012 266 1060 est
290 1012 426 1079 recepta.

324 1104 403 1167 ltem
427 1124 522 1166 causa
548 1105 630 1166 Petri
656 1119 765 1169 contra
795 1105 973 1187 Georgium
998 1119 1029 1167 et
1062 1105 1164 1167 Malar
1188 1105 1229 1167 ad
1253 1118 1327 1168 octo
1352 1105 1420 1166 dies
1444 1105 1484 1167 ad

217 1230 330 1293 pacem
355 1225 402 1273 est
425 1226 562 1294 recepta.

325 1317 403 1379 ltem
421 1317 510 1399 quod
535 1318 610 1399 quia
635 1318 834 1399 Dragozlaus
857 1338 915 1400 pro
944 1318 1086 1399 quodam
1110 1338 1219 1400 panno
1251 1320 1341 1379 Alius
1365 1338 1484 1380 merca-

219 1425 279 1486 tori
304 1423 559 1487 satisfaccionem
589 1424 744 1507 inpendit.

325 1531 402 1593 Item
436 1530 582 1612 Dragech
614 1546 723 1593 contra
757 1532 886 1593 Petrum
911 1551 1064 1612 maguum
1097 1531 1239 1594 secundo
1272 1532 1386 1595 citatus
1417 1553 1482 1595 non

219 1638 409 1720 comparuit.

325 1744 403 1806 ltem
428 1763 522 1806 causa
552 1744 724 1827 Hlebopelr
756 1758 865 1806 contra
891 1745 1020 1806 Petrum
1052 1744 1093 1805 ad
1116 1759 1190 1806 octo
1214 1744 1283 1807 dies
1306 1745 1347 1807 ad
1373 1764 1485 1828 pacem

219 1866 264 1913 est
293 1864 430 1933 recepta.

324 1957 401 2019 ltem
426 1958 534 2019 relicta
567 1957 678 2019 Jalrich
709 1977 811 2040 usque
844 1958 1023 2039 quindenas
1051 1957 1184 2020 domine
1220 1959 1317 2020 lucie
1342 1960 1483 2021 consorti

219 2064 373 2126 lobannis
397 2065 493 2126 debet
517 2065 641 2126 solvere
667 2064 749 2126 duos
773 2064 854 2144 flor,
883 2078 1033 2146 quartum
1059 2065 1098 2127 de
1133 2066 1225 2127 milio
1250 2080 1280 2127 et
1305 2085 1406 2127 unum
1431 2085 1484 2127 cu-

218 2170 331 2233 bulum
356 2170 396 2232 de
420 2171 537 2234 tritico.

323 2277 401 2339 ltem
427 2277 558 2361 Mathey
582 2293 692 2339 contra
718 2278 921 2340 Clementem
947 2279 1052 2360 primo
1067 2275 1190 2341 'citatus
1207 2298 1274 2340 non
1295 2279 1484 2361 comparuit.

322 2383 400 2446 ltem
427 2384 535 2446 Bartol
560 2398 670 2446 contra
696 2384 894 2467 Stephanum
920 2386 1025 2467 primo
1056 2386 1169 2446 citatus
1200 2406 1264 2447 non
1294 2386 1484 2468 comparuit.

324 2491 404 2552 ltem
428 2491 517 2571 quod
541 2491 617 2572 quia
642 2491 774 2573 predicti
807 2492 884 2553 luan
910 2491 1067 2554 Wrouich
1093 2506 1123 2553 et
1148 2492 1295 2553 Thomas
1321 2507 1484 2575 carpenta·

219 2597 284 2658 rius
316 2597 469 2678 premissa
502 2617 614 2660 eorum
648 2596 825 2678 juramenta
858 2598 994 2679 quilibet
1027 2598 1169 2680 ipsorum
1202 2619 1298 2680 super
1322 2618 1371 2677 e0,
1396 2597 1484 2681 quod

219 2704 277 2785 ipsi
303 2704 493 2766 innocentes
517 2719 621 2766 essent
645 2705 678 2765 in
696 2702 780 2767 lacto
807 2705 1070 2788 iuterempcionis
1088 2704 1184 2767 Blasii
1202 2706 1361 2768 tributarii
1386 2705 1484 2788 depo·

217 2823 349 2872 suerunt
372 2823 407 2871 ut
430 2810 601 2889 debebant,
626 2810 700 2872 ideo
724 2812 809 2893 ipsos
833 2811 1032 2874 reddidimus
1057 2812 1232 2893 expeditos.

324 2909 402 2978 ltem
428 2917 570 2978 Briccius
594 2916 679 2979 filius
696 2919 819 2979 Mareni
842 2919 988 2980 terciario
1007 2919 1039 2980 in
1065 2917 1135 2980 loro
1160 2920 1192 2980 in
1210 2918 1294 2981 lacto
1311 2918 1483 3001 interemp-

218 3023 319 3084 cionis
344 3023 440 3084 Blasii
465 3023 621 3084 tributarii
648 3024 790 3105 legitime
809 3025 1034 3106 proclamatus,
1051 3026 1092 3087 ad
1109 3025 1268 3106 justiciam
1296 3045 1361 3086 non
1386 3026 1483 3087 venit.

325 3130 402 3192 ltem
428 3150 525 3192 unam
550 3131 677 3192 vineam
695 3151 793 3212 quam
819 3132 980 3194 lohannes
997 3133 1096 3193 Vasas
1113 3131 1252 3196 lobanni
1277 3132 1405 3193 literato
1430 3132 1485 3193 de-

219 3235 325 3315 disset,
350 3236 456 3298 eidem
471 3251 502 3299 et
526 3237 565 3298 de
591 3237 661 3298 aliis
677 3237 771 3299 bonis
795 3239 926 3299 terciam
944 3252 1067 3319 partem
1091 3239 1173 3301 sicut
1197 3239 1229 3299 in
1254 3239 1354 3300 literis
1379 3238 1481 3300 conti·

219 3356 310 3405 netur
334 3343 600 3413 adjudicavimus.

326 3449 404 3511 ltem
429 3450 592 3511 lohannes
616 3449 699 3511 filius
731 3450 859 3513 Thome
884 3464 999 3513 octavo
1032 3451 1083 3512 die
1115 3451 1258 3513 secundo
1289 3472 1322 3513 se
1354 3453 1484 3534 jurabit,

219 3555 306 3637 quod
332 3555 372 3617 de
397 3554 480 3618 lacto
507 3558 537 3618 in
562 3577 628 3638 quo
654 3558 758 3638 ipsum
784 3561 966 3636 acusabant,
992 3560 1146 3620 innocens
1170 3573 1260 3621 esset.

324 3661 402 3723 Item
427 3662 578 3724 dominus
596 3663 720 3725 Blasius
737 3678 843 3726 custos
865 3679 978 3726 octavo
996 3665 1047 3725 die
1072 3684 1223 3747 supereo
1247 3665 1374 3746 jurabit,
1392 3667 1481 3748 quod

221 3769 375 3830 Martinus
397 3769 491 3850 Piper
523 3784 553 3830 et
584 3790 640 3831 sua
672 3789 803 3832 consors
833 3771 893 3832 sibi
929 3785 1059 3833 centum
1092 3772 1325 3854 quinquaginta
1350 3773 1480 3856 (pensis)

219 3873 403 3956 (debitores)
428 3876 573 3938 existant.

325 3983 402 4043 ltem
428 3984 489 4045 alia
514 4003 607 4046 causa
626 3984 725 4065 ipsius
741 3984 882 4046 custodis
907 4000 1016 4046 contra
1034 3987 1251 4069 Dragozlaum
1268 4006 1370 4067 usque
1387 3986 1482 4068 quin·

218 4087 317 4151 denas
341 4104 386 4151 est
411 4104 580 4172 prorogata
605 4091 630 4152 si
655 4090 780 4172 aliquas
804 4092 910 4153 literas
935 4091 1076 4156 haberet.

310 4322 407 4398 Feria
436 4335 534 4400 sexta
563 4331 719 4417 proxima
747 4337 826 4401 ante
853 4331 1053 4403 dominicam
1084 4331 1400 4422 Ramispalmarnm.

325 4494 401 4556 ltem
432 4497 549 4558 Paulus
581 4498 773 4577 Mezericha,
798 4500 928 4584 Mathey
960 4501 1145 4582 lucifigulus
1169 4516 1200 4564 et
1224 4552 1231 4565 .
1259 4555 1265 4567 .
1291 4553 1297 4566 .
1324 4501 1481 4564 fistulator

219 4601 324 4683 primo
349 4601 433 4663 citati
459 4622 524 4663 non
549 4619 807 4686 comparuerunt.

326 4707 403 4771 ltem
430 4709 630 4789 Margaretha
655 4711 771 4774 mulier
796 4726 826 4774 et
854 4714 999 4776 Andreas
1031 4715 1112 4775 inter
1143 4735 1211 4777 sese
1235 4714 1410 4796 (racionem
1436 4716 1480 4778 la·

222 4813 304 4896 cere)
328 4813 447 4875 debent
471 4815 503 4876 in
527 4816 633 4897 primo
658 4817 788 4897 judicio.
