3404 5362
626 369 712 425 Anno
735 382 826 444 1390.
854 403 893 412 -
919 381 965 444 15.
982 370 1065 444 julii.
1417 391 1474 452 331

324 577 403 639 Item
428 578 538 641 relicta
564 577 710 660 Mathyas
727 579 856 641 Andree
882 600 981 662 usque
999 578 1180 662 quindenas
1203 600 1257 642 ser
1281 600 1402 642 marcas
1419 581 1482 642 sol·

219 703 292 745 vere
318 684 422 746 debet.

324 789 402 850 Item
427 789 590 852 Johannes
615 802 646 852 et
680 790 817 852 Jacobus
849 804 959 853 contra
984 789 1063 853 Scoi
1091 791 1281 853 secundario
1306 791 1392 853 citati
1416 811 1482 853 non

215 908 476 977 comparuerunt.

322 1002 400 1064 item
418 1001 658 1065 Orosuikouich
678 1015 787 1066 contra
805 1004 950 1064 Marcum
963 1003 1068 1085 primo
1086 1004 1199 1065 citatus
1213 1024 1275 1065 non
1291 1003 1482 1085 comparuit.

322 1108 400 1170 item
421 1108 650 1171 Stachunarich
676 1123 785 1172 contra
805 1108 938 1191 Jursych
956 1109 1060 1191 primo
1079 1110 1191 1172 citatus
1209 1129 1274 1171 non
1291 1109 1481 1192 comparuit.

322 1215 400 1276 Item
426 1214 585 1296 Georgius
611 1214 734 1280 Gochel
759 1228 872 1276 octavo
897 1215 949 1276 die
982 1216 1081 1277 tercio
1105 1236 1138 1278 se
1162 1236 1257 1298 super
1282 1235 1320 1278 eo
1354 1215 1481 1297 jurabit,

213 1319 305 1401 quod
331 1320 399 1403 ipse
423 1320 578 1402 quasdam
605 1320 713 1402 fruges
737 1321 909 1404 productas
933 1321 1078 1383 volenter
1102 1321 1229 1404 depasci
1253 1341 1319 1384 non
1344 1320 1481 1386 fecisset.

323 1426 401 1487 Item
433 1426 520 1488 idem
553 1425 713 1509 Georgius
744 1442 855 1489 contra
887 1427 1020 1510 Jursych
1052 1442 1166 1489 octavo
1198 1427 1250 1489 die
1274 1428 1416 1490 secundo
1448 1449 1480 1490 se

214 1551 311 1614 super
336 1552 374 1594 eo
399 1532 527 1614 jurabit,
551 1534 640 1616 quod
665 1535 731 1617 ipse
757 1533 913 1616 quasdam
941 1532 1048 1615 fruges
1072 1554 1136 1596 non
1161 1534 1233 1617 plus
1257 1535 1318 1596 nisi
1343 1555 1401 1618 pro
1426 1536 1479 1597 tri·

214 1639 302 1718 ginta
327 1638 434 1700 minus
458 1639 583 1701 duabus
606 1641 720 1702 marcis
745 1639 951 1702 vendidisset.

320 1745 397 1806 item
423 1744 599 1827 Gregorius
616 1748 731 1828 Angeli
756 1748 844 1808 solus
860 1767 955 1829 super
972 1767 1011 1808 eo
1038 1746 1165 1828 jurabit,
1190 1747 1278 1829 quod
1296 1748 1363 1829 ipse
1380 1767 1479 1810 unam

215 1850 330 1912 libram
355 1851 393 1913 de
419 1871 513 1914 croco
536 1873 595 1935 pro
613 1853 764 1938 Gyanino
789 1873 855 1915 non
879 1853 1077 1930 vendiderit;
1102 1853 1167 1936 ipse
1193 1854 1279 1915 enirn
1302 1852 1478 1936 Gregorius

216 1956 253 2017 ad
279 1957 430 2039 antiquos
453 1958 574 2039 judices
598 1960 781 2043 appellavit.

321 2064 399 2125 item
423 2065 532 2126 Marco
557 2078 587 2126 et
611 2066 763 2128 Nicolaus
795 2086 896 2147 usque
922 2065 1106 2148 quindenas
1129 2070 1232 2146 Agate
1257 2066 1384 2128 mulieri
1416 2067 1479 2128 sol·

216 2190 289 2232 vere
314 2170 444 2233 debent.

355 2369 1302 2463 ‘mmmmmmwmmmmmmr

760 2531 801 2606 (5.
827 2526 924 2608 julie).

321 2671 399 2733 Item
424 2670 512 2752 quod
537 2671 612 2753 quia
638 2669 767 2753 Mathey
799 2668 884 2731 filius
915 2669 1029 2730 Krisan
1055 2682 1086 2730 et
1109 2669 1192 2730 lwan
1227 2668 1311 2731 filius
1344 2669 1477 2732 Radhen

216 2778 372 2860 quosdam
398 2780 496 2839 boves
521 2778 603 2838 Petri
632 2777 745 2839 decani
777 2778 1006 2855 subtraxerant,
1032 2789 1127 2858 prout
1158 2775 1257 2837 iidem
1282 2776 1313 2836 in
1340 2777 1474 2839 martiri·

215 2884 345 2945 zacione
371 2883 500 2946 fuerunt
525 2882 609 2961 sassi,
634 2883 708 2945 ideo
732 2883 863 2944 eosdem
887 2882 1038 2965 suspendi
1064 2881 1208 2945 fecimus.

321 2992 399 3054 Item
424 2991 512 3073 quod
537 2992 612 3073 quia
645 2990 752 3052 Endre
776 2990 832 3052 Sib
865 2991 895 3050 in
921 2989 1114 3071 quibusdam
1146 2990 1211 3051 suis
1235 2989 1416 3051 excessibus
1448 3003 1479 3051 et

213 3100 359 3162 similiter
384 3099 489 3160 verbis
514 3099 675 3159 malorum
703 3111 812 3160 contra
837 3096 976 3178 judicem
1002 3096 1182 3157 Johannem
1207 3110 1237 3158 et
1261 3116 1335 3158 suos
1359 3096 1478 3177 juratos

214 3220 243 3268 et
269 3206 450 3266 universam
469 3205 735 3267 communitatem
760 3205 944 3283 incurrerat,
970 3203 1043 3267 ideo
1061 3203 1092 3263 in
1105 3203 1248 3285 generali
1273 3216 1383 3264 nostro
1401 3222 1477 3263 con·

214 3313 288 3374 silio
313 3311 524 3389 decrevimus,
549 3311 637 3393 quod
655 3310 837 3371 humanitas
860 3308 971 3392 prefati
991 3309 1117 3370 Endree
1142 3309 1198 3370 Sib
1223 3308 1302 3370 nihil
1327 3308 1400 3391 plus
1417 3309 1476 3370 nisi

213 3418 252 3480 de
278 3417 451 3480 duodecim
475 3417 615 3478 denariis
632 3417 753 3493 valeat;
778 3415 838 3478 hoc
863 3417 963 3477 eciam
980 3415 1141 3477 declarato
1159 3430 1193 3477 ut
1211 3415 1351 3499 prefatus
1368 3415 1475 3477 Endre

212 3545 269 3588 nec
287 3544 385 3602 arma,
404 3544 461 3585 nec
479 3544 576 3606 penes
588 3524 730 3605 aliquem
754 3523 918 3585 hominem
943 3523 1163 3585 testimonium
1182 3543 1237 3584 seu
1261 3522 1475 3603 juramentum

213 3630 315 3693 facere
346 3631 457 3714 possit,
474 3630 624 3692 videlicet
648 3650 706 3712 pro
730 3630 794 3692 tale
820 3629 918 3691 futore
944 3650 1000 3691 seu
1025 3649 1082 3713 pro
1107 3630 1224 3692 talibus
1248 3630 1363 3708 verbis,
1387 3628 1475 3711 quod

211 3751 277 3800 erat
300 3736 458 3799 universis
478 3737 600 3798 civibus
624 3738 719 3798 verba
745 3737 893 3798 nocitiva.
920 3734 1002 3817 (sic.)

425 3902 1259 3993 mummmmuwmmdmmmm

763 4061 823 4136 (15.
846 4056 942 4138 julie).

317 4199 395 4262 item
421 4199 588 4261 Simonem
605 4198 708 4261 filium
726 4199 879 4281 Stephani
897 4212 928 4260 et
952 4199 1054 4260 Jakou
1078 4198 1180 4260 filium
1199 4197 1295 4260 Wlxa
1319 4211 1473 4279 tanquam

212 4305 352 4368 latrones
376 4319 407 4367 et
431 4304 517 4368 fures
540 4305 691 4387 suspendi
716 4306 851 4367 fecimus
874 4318 970 4387 prout
994 4306 1091 4366 iidem
1116 4306 1147 4366 in
1165 4303 1239 4366 sede
1264 4318 1371 4366 nostra
1388 4303 1472 4385 judi-

212 4412 304 4474 ciaria
329 4425 360 4474 et
384 4412 485 4473 eciam
511 4412 542 4472 in
568 4431 679 4473 eorum
709 4412 963 4473 martirizacione
987 4426 1060 4473 sunt
1086 4411 1168 4474 fassi.

316 4518 394 4580 Item
408 4538 501 4580 causa
517 4518 697 4599 supradicta
712 4518 767 4580 Sib
782 4518 920 4597 Andree,
938 4519 1079 4580 concivis
1096 4519 1206 4597 nostri,
1223 4517 1346 4579 domini
1360 4536 1474 4578 omnes

213 4623 362 4686 unanime
380 4624 411 4685 in
437 4624 583 4702 consilio,
601 4623 706 4704 judex,
731 4624 824 4705 jurati
842 4638 873 4686 et
897 4625 1080 4703 consiliarii,
1099 4623 1241 4687 iecerunt
1257 4624 1316 4686 sibi
1332 4624 1473 4705 graciam

213 4729 264 4790 tali
290 4731 399 4810 modo,
423 4730 510 4813 quod
537 4731 655 4792 amodo
680 4745 710 4792 et
735 4731 886 4812 deinceps
912 4731 1020 4793 nuilus
1043 4733 1102 4794 sibi
1130 4733 1294 4814 inpingere
1320 4731 1418 4814 possit
1442 4744 1473 4795 et

214 4836 314 4899 valeat
338 4850 468 4920 propter
492 4838 667 4922 predictam
693 4857 831 4900 causam.
