3404 5362
648 373 842 449 Ann01377.
871 405 907 415 -
927 388 961 450 3.
979 374 1063 448 julii.

330 585 408 646 Item
442 583 603 665 Georgius
633 597 664 644 et
696 583 793 666 Myle
825 596 939 645 octavo
971 583 1022 644 die
1054 596 1163 645 contra
1188 587 1327 664 Annam,
1359 584 1500 667 quilibet

226 692 368 774 ipsorum
393 711 427 752 se
459 690 587 770 tercius,
610 688 760 770 jurabunt
784 690 817 751 in
841 709 890 769 eo,
915 688 1002 771 quod
1027 689 1087 771 ipsi
1111 708 1201 751 suam
1233 690 1406 753 clamidem
1430 711 1497 754 non

224 795 416 860 iuravissent
440 816 498 858 nec
522 794 627 859 furem
650 797 777 859 scirent.

331 923 408 984 Item
432 935 536 984 textor
560 934 676 982 octavo
708 919 760 981 die
785 940 841 1003 per
872 920 1008 982 Paulum
1033 920 1208 1001 literatum,
1241 920 1497 985 Chuethkonem

225 1042 256 1091 et
289 1028 490 1112 Mychaelem
523 1027 683 1110 Damyani
714 1027 862 1089 atestabit
894 1027 925 1088 in
960 1046 1010 1107 eo,
1041 1027 1131 1109 quod
1156 1027 1317 1110 Georgius
1348 1029 1496 1092 literatus

223 1154 314 1196 suam
339 1153 474 1195 uxorem
497 1133 723 1196 verberaverit.

329 1259 408 1321 Item
433 1278 527 1321 causa
550 1279 600 1321 ser
617 1258 783 1321 Benedicti
808 1271 839 1321 et
859 1262 952 1322 Anne
971 1260 1116 1322 mulieris
1140 1273 1186 1321 est
1209 1276 1268 1342 per
1290 1258 1495 1323 Anthonium

224 1363 346 1426 Jursich
372 1377 403 1426 et
426 1364 598 1426 Nicolaum
623 1363 799 1425 Odolasich
823 1364 863 1425 ad
886 1377 959 1426 octo
984 1364 1051 1426 dies
1079 1377 1205 1447 recepta
1230 1362 1270 1425 ad
1297 1383 1422 1447 pacem.

330 1489 407 1551 Item
432 1489 493 1551 Ale
517 1502 549 1551 et
572 1489 677 1550 lwana
702 1488 854 1551 mulieres
885 1508 917 1549 se
941 1489 1158 1551 submiserunt
1189 1488 1379 1551 testimonio
1405 1489 1492 1552 Petri

222 1609 253 1656 et
276 1615 332 1656 sue
357 1595 467 1657 uxoris
492 1593 531 1656 de
556 1595 704 1656 verberio
729 1595 870 1677 ipsarum
894 1608 1009 1657 octavo
1033 1594 1096 1658 die.

328 1703 405 1765 Item
431 1722 524 1763 causa
550 1701 683 1782 Georgii
708 1715 740 1763 et
770 1700 919 1764 Chuethh
944 1715 990 1764 est
1013 1721 1070 1785 per
1094 1701 1297 1766 Clementem
1322 1716 1354 1764 et
1376 1703 1495 1766 Paulas

221 1809 262 1870 ad
286 1823 360 1871 octo
385 1809 453 1870 dies
477 1821 603 1890 recepta
628 1808 667 1870 ad
692 1828 815 1890 pacem.

327 1934 405 1995 Item
431 1933 550 1997 Cosma
574 1931 734 1994 aurifaber
759 1953 815 2015 per
840 1932 1089 1996 Chuethkonem
1114 1947 1145 1996 et
1162 1934 1326 1996 Thomam
1351 1954 1388 1997 ac
1406 1935 1491 1999 duos

221 2038 385 2101 carnifices
420 2039 568 2102 atestabit
602 2052 717 2101 octavo
752 2039 805 2101 die
840 2060 934 2122 super
966 2054 1068 2102 morte
1102 2041 1197 2102 unius
1228 2040 1347 2124 bovi(s)
1379 2055 1493 2105 contra

221 2146 400 2229 Georgium
426 2147 666 2228 calcariparum.

325 2252 403 2314 Item
429 2253 610 2315 Alexander
634 2266 743 2315 contra
768 2254 914 2314 Marium
940 2253 1045 2335 primo
1070 2254 1183 2316 citatus
1206 2274 1273 2351 non
1300 2257 1491 2337 comparuit

328 2378 405 2440 Item
431 2379 531 2440 Cussa
565 2378 680 2439 mulier
712 2398 791 2440 uxor
815 2377 1014 2440 Nedelkonis
1045 2399 1078 2440 se
1111 2392 1220 2441 contra
1246 2380 1390 2441 iwanum
1415 2394 1489 2443 eta

221 2483 301 2546 facie
325 2483 403 2565 juris
427 2498 556 2566 propter
581 2483 701 2546 lurtum
726 2484 914 2547 absentavit.

328 2607 405 2667 Item
430 2608 584 2668 Nicolaus
608 2608 745 2669 condam
769 2608 865 2690 judex
896 2610 1050 2671 Pauinam
1075 2622 1212 2672 statuere
1238 2611 1335 2673 debet
1356 2611 1408 2673 die
1434 2633 1488 2675 oc·

219 2726 305 2792 tavo,
319 2733 377 2795 pro
391 2733 456 2794 quo
467 2727 512 2775 est
522 2712 700 2794 fideiussor,
714 2729 824 2776 contra
839 2715 1036 2798 Stephanum
1052 2716 1197 2779 PundIch
1212 2718 1488 2801 respondendum.

325 2837 404 2900 Item
428 2838 514 2900 lwan
539 2852 653 2901 octavo
678 2839 729 2900 die
754 2854 863 2903 contra
885 2841 1052 2905 Chernech
1077 2862 1212 2925 parvum
1236 2842 1355 2924 jurabit
1378 2864 1412 2906 se
1437 2866 1486 2908 se-

220 2945 345 3007 cundus
369 2944 401 3005 in
427 2964 477 3024 eo,
494 2947 582 3026 quod
607 2966 666 3008 nec
684 2946 751 3029 ipse
768 2966 827 3008 nec
844 2968 900 3009 sua
925 2968 1005 3010 uxor
1021 2967 1096 3010 suos
1116 2949 1224 3032 pullos
1240 2969 1305 3012 non
1322 2947 1487 3016 furaverit.

325 3069 402 3130 Item
428 3089 521 3130 causa
555 3071 692 3133 Vidonis
723 3084 754 3133 et
785 3071 911 3155 Cupich
944 3086 990 3134 est
1014 3086 1086 3156 post
1116 3093 1211 3137 suum
1235 3074 1412 3139 adventum
1445 3079 1486 3141 ad

217 3175 357 3256 primum
382 3175 538 3256 judicium
563 3197 620 3259 per
643 3179 782 3259 judicem
808 3194 989 3262 prorogata.

323 3301 401 3362 Item
434 3301 547 3363 Marko
578 3300 663 3363 filius
696 3303 854 3365 Leonardi
888 3318 996 3365 contra
1032 3304 1213 3367 Iohannem
1239 3305 1402 3369 Chemerii
1436 3330 1485 3372 se·

217 3407 324 3469 cundo
349 3406 463 3468 citatus
486 3427 550 3468 non
576 3409 766 3488 comparuit.

322 3530 399 3591 Item
426 3529 534 3592 Mathe
558 3547 667 3594 contra
694 3534 830 3596 Paulum
847 3534 951 3596 filium
976 3536 1141 3599 Benedicti
1158 3538 1264 3620 primo
1288 3538 1403 3601 citatus
1416 3560 1484 3603 non

217 3636 407 3719 comparuit.

321 3741 399 3803 Item
425 3743 499 3823 quia
518 3744 671 3806 Nicolaus
687 3744 772 3807 filius
793 3747 970 3809 Martinkus
987 3761 1096 3810 contra
1121 3748 1290 3812 dominum
1316 3751 1483 3816 Donatum

217 3848 309 3909 nullo
334 3848 465 3930 Ingenio
489 3850 541 3910 vel
566 3851 685 3930 colore,
719 3853 906 3915 testimonio
931 3854 981 3916 vel
1006 3854 1123 3916 literali
1156 3856 1368 3919 instrumento
1393 3878 1483 3920 com-

218 3954 355 4035 probare
387 3954 493 4037 potuit
523 3956 553 4016 ln
586 3957 731 4019 terminis
762 3959 822 4020 sibi
860 3960 1027 4041 assignatis
1062 3975 1092 4022 et
1116 3962 1286 4044 deputatis,
1312 3978 1346 4027 ut
1381 3985 1484 4047 soror,

217 4058 354 4120 condam
380 4079 511 4122 consors
535 4063 667 4144 predicti
693 4064 817 4126 domini
850 4064 979 4145 Donati,
1012 4066 1113 4129 divisa
1138 4066 1251 4144 fuerit;
1275 4071 1484 4134 medietatem

217 4164 308 4227 fundi
334 4180 364 4228 et
388 4154 560 4229 domorum
585 4169 683 4251 patris
700 4170 799 4251 ipsius
823 4171 948 4233 Nicolai
974 4187 1004 4233 et
1027 4173 1166 4235 aliorum
1191 4176 1350 4237 bonorum
1375 4177 1483 4240 eidem

214 4272 348 4334 domiuo
373 4273 501 4336 Donato
525 4288 555 4337 et
580 4295 636 4357 per
660 4294 734 4337 eum
758 4277 823 4338 suis
847 4277 1019 4341 heredibus
1043 4279 1298 4362 adjudicavimus
1322 4297 1481 4366 perpetuo

214 4377 442 4459 possidendam
467 4394 498 4442 et
521 4380 714 4444 habendam.

320 4502 397 4564 Item
423 4504 569 4567 Thomas
601 4520 690 4569 sutor
721 4522 832 4570 contra
865 4509 1001 4572 Paulum
1032 4509 1160 4573 fabrum
1191 4513 1334 4575 secundo
1366 4515 1482 4578 citatus

213 4627 279 4671 non
303 4611 493 4691 comparuit.

317 4732 396 4795 Item
428 4754 522 4798 causa
555 4737 722 4799 Elizabeth
747 4751 778 4800 et
811 4739 937 4801 Nicolai
970 4754 1018 4802 est
1046 4761 1103 4824 per
1134 4742 1274 4823 judicem
1307 4759 1481 4826 prorogata

211 4839 335 4901 tamdiu
359 4860 506 4923 quosque
530 4842 562 4904 in
594 4844 757 4926 presencIa
790 4845 1016 4928 archidyaconi
1041 4867 1135 4910 causa
1169 4849 1313 4931 ipsorum
1338 4850 1480 4916 linietur.
