3404 5362
536 317 733 392 Ann01377.
760 350 800 358 -
826 330 852 376 r.
876 317 1049 391 septembris.
1375 335 1430 396 103

268 527 347 589 Item
372 529 510 591 Iacobus
533 525 664 610 pellifex
689 539 800 589 contra
820 527 1013 610 Gregorium
1042 525 1120 588 feria
1145 540 1231 590 sexta
1256 546 1341 589 nunc
1357 547 1431 610 pro-

165 634 247 696 xime
273 648 408 697 ventura
433 634 551 717 jurabit
574 654 607 696 se
631 634 748 696 tercius
771 635 804 695 in
826 654 875 715 eo,
901 633 988 717 quod
1014 634 1081 716 ipse
1106 634 1166 695 sibi
1190 634 1223 695 in
1248 654 1301 695 sex
1318 635 1432 696 marcis

164 741 332 803 Modrusse
357 742 483 804 nullum
517 741 694 824 dampnum
727 741 900 804 intullisset
929 761 986 823 per
1009 760 1101 803 suam
1131 741 1354 803 acusacionem
1380 741 1430 803 vel

163 846 390 910 inductionem
414 848 585 910 tributarii.

267 955 346 1016 Item
367 954 521 1017 Nicolaus
537 953 664 1017 Crisani
681 967 792 1017 contra
809 953 1011 1037 Mychaelem
1028 953 1167 1036 juratum
1185 954 1291 1037 primo
1315 954 1430 1017 citatus

161 1079 225 1121 non
255 1061 446 1143 comparuit.

267 1166 345 1229 Item
371 1167 485 1229 Petrus
509 1181 619 1229 contra
645 1167 793 1229 Markum
817 1166 924 1249 primo
947 1165 1069 1247 judicio
1093 1165 1311 1248 respondebit.

268 1273 345 1336 Item
371 1273 520 1357 Mychael
551 1272 672 1355 juratus
704 1286 813 1335 contra
845 1273 972 1335 Fratres
1003 1273 1145 1334 minores
1175 1272 1280 1354 primo
1315 1272 1429 1335 citatus

161 1398 226 1440 non
255 1381 446 1463 comparuit.

269 1485 347 1548 Item
365 1485 542 1569 Gregorius
559 1485 643 1549 filins
661 1486 815 1569 Stephani
840 1485 916 1548 dicti
934 1485 1079 1547 Pundich
1097 1497 1207 1547 contra
1224 1485 1428 1548 Clementem

160 1589 351 1654 familiarem
376 1591 502 1654 domini
528 1593 645 1655 Donati
670 1593 775 1676 primo
799 1592 913 1654 citatus
936 1612 1001 1654 non
1026 1592 1216 1674 comparuit.

265 1699 344 1761 Item
369 1700 453 1761 Iwan
478 1713 510 1762 et
526 1700 679 1763 Nicolaus
703 1700 891 1782 carpentarii
914 1712 1023 1761 contra
1042 1700 1210 1761 Marenum
1234 1698 1425 1762 familiarem

152 1803 269 1868 relicte
294 1805 457 1868 Bartuchii
482 1804 559 1870 feria
584 1820 670 1870 sexta
695 1826 780 1869 nunc
808 1819 941 1868 ventura
963 1805 1215 1887 respondebunt.

267 1912 344 1973 Item
380 1913 539 1975 Martinus
569 1913 740 1996 Zequirich
773 1925 883 1975 contra
915 1913 1048 1974 luanum
1081 1911 1315 1995 carpentarium
1347 1910 1425 1973 feria

145 2031 242 2080 aesta
268 2038 353 2081 nunc
377 2019 523 2102 proxime
547 2032 681 2082 ventura
705 2018 923 2102 respondebit.

263 2124 342 2187 Item
367 2124 497 2189 Cussilo
526 2124 611 2187 filius
643 2126 794 2207 Nandrag
826 2137 936 2187 contra
968 2124 1142 2187 Martinum
1172 2124 1279 2207 ptimo
1310 2123 1424 2186 citatus

146 2249 222 2292 non
248 2232 439 2314 comparuit.

262 2336 340 2400 Item
366 2358 461 2400 causa
485 2338 638 2401 Peterlini
664 2351 774 2400 contra
792 2338 868 2400 Iuan
893 2351 924 2399 et
944 2337 1075 2400 Petrum
1099 2349 1147 2399 est
1169 2356 1226 2419 per
1250 2337 1421 2399 Nicolaum

137 2441 273 2505 Mahne
297 2443 336 2506 ad
362 2443 475 2506 feriam
500 2458 621 2508 sextam
645 2465 731 2506 nunc
754 2459 921 2507 venturam
946 2457 1072 2526 recepta
1096 2444 1135 2504 ad
1159 2462 1283 2526 pacem.

260 2552 339 2613 Item
362 2552 487 2614 Matina
512 2564 622 2614 contra
647 2552 827 2614 Johannem
852 2551 971 2613 vozdar
1003 2550 1080 2612 feria
1105 2562 1190 2612 sexta
1214 2549 1331 2632 jurabit
1352 2552 1420 2613 sola

123 2676 290 2739 persona
315 2658 347 2720 in
372 2678 422 2739 eo,
447 2658 536 2741 quod
565 2659 631 2740 ipsa
666 2658 791 2720 nullum
824 2656 1064 2719 malefactorem
1089 2656 1129 2718 ad
1161 2656 1296 2719 domum
1328 2677 1419 2718 suam

129 2765 258 2827 noctis
282 2765 315 2827 in
339 2764 473 2827 silencio
497 2765 624 2827 malicia
652 2765 847 2848 precogitata
871 2785 936 2826 non
961 2763 1155 2826 adduxisset.

263 2872 340 2934 Item
367 2871 479 2933 Petrus
502 2885 611 2934 contra
638 2871 796 2932 MarInam
819 2870 962 2932 secundo
994 2871 1108 2933 citatus
1139 2889 1204 2932 non
1230 2871 1419 2953 comparuit.

260 2978 338 3040 Item
371 2979 537 3040 Emericus
570 2975 660 3040 faber
696 2992 805 3039 contra
842 2976 1034 3057 Gregorium
1067 2976 1172 3058 primo
1205 2978 1318 3039 citatus
1353 2997 1418 3039 non

131 3085 344 3167 comparuit.

259 3191 337 3253 Item
374 3190 535 3274 Georgius
570 3205 680 3253 contra
724 3190 853 3252 Petrum
894 3192 1028 3271 longum
1063 3190 1169 3272 prImo
1204 3190 1318 3252 citatus
1353 3211 1418 3253 non

126 3297 342 3381 comparuit.

257 3403 337 3465 Item
362 3404 439 3466 Iuan
464 3415 574 3466 contra
600 3402 794 3486 Gregorium
819 3422 939 3465 woscar
972 3416 1044 3484 post
1067 3422 1160 3464 suum
1185 3403 1360 3466 adventum
1384 3425 1417 3467 se

123 3510 268 3572 tercius
291 3507 370 3572 feria
393 3523 480 3573 sexta
511 3509 630 3593 jurabit
660 3510 692 3571 in
726 3528 776 3589 eo,
801 3508 888 3590 quod
920 3509 987 3591 ipse
1011 3529 1084 3570 suas
1115 3508 1222 3589 fruges
1246 3510 1417 3593 depascere

129 3630 216 3678 tion
241 3615 378 3680 fecisset.

257 3723 337 3787 Item
360 3743 455 3786 causa
480 3723 567 3785 Luce
591 3722 689 3784 villici
714 3721 754 3783 de
778 3722 863 3802 Vgra
888 3735 918 3783 et
942 3721 1150 3803 jobagionum
1176 3735 1359 3785 nostrorum
1376 3723 1415 3785 de

129 3822 242 3893 Nova
265 3829 342 3893 villa
367 3844 414 3893 est
437 3850 493 3913 per
526 3830 697 3891 Nicolaum
728 3828 886 3891 decanum
921 3827 960 3890 ad
993 3829 1134 3911 primum
1165 3828 1321 3910 judicium
1344 3844 1416 3913 post

126 3928 356 3999 Nativitatem
381 3938 472 3999 beate
496 3935 629 4019 virginis
652 3948 777 4018 recepta
803 3934 843 3997 ad
868 3955 991 4018 pacem.

257 4044 335 4106 Item
368 4043 514 4105 Andreas
547 4042 603 4106 Sil>
635 4054 744 4105 contra
777 4042 884 4104 Mathe
909 4040 1044 4124 figulum
1076 4043 1181 4125 primo
1205 4043 1318 4104 citatus
1348 4062 1414 4105 non

136 4150 339 4234 comparuit.

255 4256 333 4320 Item
357 4276 452 4319 causa
468 4257 546 4319 Iuan
570 4269 602 4319 et
617 4257 716 4318 Mune
734 4270 780 4318 est
804 4276 859 4340 per
878 4256 1071 4338 Gregorium
1088 4268 1215 4338 recepta
1232 4255 1271 4317 ad
1289 4276 1413 4339 pacem.

254 4362 332 4425 Item
365 4363 531 4425 Emericus
561 4361 651 4425 faber
682 4376 792 4425 contra
825 4363 1028 4426 Clementem
1064 4363 1170 4444 primo
1203 4363 1317 4424 citatus
1346 4383 1412 4426 non

142 4469 337 4553 comparuit.

254 4575 331 4638 Item
365 4576 478 4637 Marko
503 4575 617 4638 Putaui
653 4571 839 4638 testImonio
872 4573 1009 4638 Bediche
1043 4576 1198 4639 carnificis
1223 4592 1253 4640 et
1286 4578 1411 4640 Micusii

152 4682 295 4744 atestavit
317 4701 413 4765 super
437 4701 487 4761 eo,
511 4681 600 4764 quod
624 4683 692 4766 ipse
717 4681 879 4765 quendam
903 4684 1020 4744 bovem
1049 4683 1089 4745 de
1113 4685 1256 4765 quodam
1280 4683 1411 4746 homine

153 4785 189 4849 de
212 4788 389 4851 Moroucha
413 4808 472 4872 pro
496 4788 648 4853 undecim
675 4789 782 4872 pensis
806 4804 1029 4871 comparasset.
