3404 5362
491 330 576 384 Anno
599 338 686 404 1375.
712 361 754 370 -
776 342 806 387 2.
830 331 939 388 martti.

137 542 239 618 teria
268 554 371 619 sexta
398 551 553 637 proxima
582 554 658 637 post
686 546 810 618 festum
837 548 928 619 beati
956 546 1092 638 Mathey
1120 549 1276 638 apostoli.

611 696 657 780 (2.
681 703 807 777 martii).

176 840 288 903 Primo
306 860 400 902 causa
416 839 542 902 Nicolai
565 853 596 902 et
614 838 747 921 Georgii
764 853 811 903 est
827 859 883 922 per
901 839 1101 924 Stephanum
1117 853 1149 903 et
1166 841 1342 924 Symonem

72 946 109 1008 ad
134 946 278 1030 primum
302 946 457 1028 judicium
482 960 554 1028 post
577 947 680 1008 carnis
703 946 843 1029 privium
860 959 986 1028 recepta
1011 946 1051 1009 ad
1073 966 1197 1030 pacem.

177 1053 257 1115 ltem
282 1072 377 1115 causa
401 1055 495 1114 Anne
519 1066 550 1114 et
574 1052 725 1115 Peterlini
749 1066 796 1114 est
823 1072 880 1135 per
902 1065 998 1114 testes
1029 1053 1070 1114 ad
1093 1053 1235 1135 primum
1259 1052 1342 1135 judi-

73 1159 158 1220 cium
179 1173 308 1240 recepta
333 1158 374 1221 sd
397 1178 521 1242 pacem.

178 1264 257 1327 Item
282 1266 420 1327 lacobus
442 1265 548 1348 primo
572 1263 692 1347 judicio
715 1278 788 1347 post
810 1265 913 1327 carnis
936 1264 1076 1347 privium
1093 1285 1149 1348 per
1174 1266 1249 1329 Uult
1272 1285 1341 1329 mo·

72 1370 321 1449 lendinatorem,
346 1372 442 1452 Mate,
475 1372 610 1450 Marem,
643 1371 877 1453 Margaretham
910 1371 1058 1434 atestabit
1088 1371 1176 1453 quod
1201 1371 1340 1455 quadam

73 1476 189 1538 domus
214 1495 341 1559 semper
365 1477 406 1539 ad
430 1477 614 1561 superstites
631 1477 762 1540 deberet
789 1496 965 1557 remanere,
982 1475 1038 1538 sed
1055 1496 1120 1539 non
1144 1478 1341 1543 vendicioni.

177 1582 258 1644 ltem
273 1581 432 1665 Georgius
445 1585 540 1666 rybar
552 1603 609 1665 per
623 1581 794 1649 Nicolaum
809 1582 1032 1664 joculatorem,
1046 1583 1175 1645 Maritus
1192 1584 1342 1668 Pechich,

73 1690 210 1769 Mareas,
235 1689 363 1752 Milrech
387 1691 577 1769 institorem,
602 1690 805 1753 Clementem
832 1703 863 1751 et
890 1688 1071 1753 Iohannem
1094 1691 1223 1753 testabit
1246 1710 1341 1773 super

72 1815 164 1859 causa
191 1797 348 1879 premissa
372 1796 523 1859 videlicet
546 1797 614 1878 ipsa
639 1796 749 1859 domo.

177 1902 258 1965 ltem
281 1903 436 1965 Nicolaus
459 1901 544 1964 filius
567 1902 646 1964 Wllr
671 1914 781 1964 contra
804 1902 976 1965 Nicolaum
993 1903 1098 1983 primo
1122 1902 1243 1985 judicio
1268 1919 1340 1987 post

72 2009 173 2071 carnis
199 2009 341 2090 privium
365 2008 584 2090 respondebit.

175 2115 256 2177 ltem
271 2115 362 2176 Marlr
386 2113 472 2177 lilius
496 2112 619 2177 Gemze
643 2133 699 2196 per
723 2113 887 2197 Mathyam
911 2113 1014 2177 lilium
1043 2119 1197 2199 oroznylr,
1222 2117 1339 2180 Valen-

72 2220 185 2302 tinum,
209 2222 340 2283 Petrum
364 2234 395 2284 et
418 2221 592 2283 Nicolaum
617 2219 792 2282 Odolasich
816 2221 974 2302 producet
996 2221 1218 2283 testimonium
1243 2242 1339 2306 super

73 2344 120 2406 eo,
145 2327 235 2410 quod
260 2327 414 2390 Clemens
438 2326 589 2389 Zirothlte
614 2326 785 2410 depascere
816 2324 941 2389 fecisset
965 2346 1038 2388 suas
1061 2325 1179 2409 lruges.

175 2434 256 2496 ltem
280 2453 375 2495 causa
398 2433 572 2496 testimonii
592 2433 776 2495 Salomonis
798 2447 845 2496 est
872 2432 911 2494 ad
929 2433 1070 2515 primum
1094 2432 1250 2515 judicium
1266 2450 1340 2518 post

74 2541 173 2602 carnis
197 2540 338 2623 privium
361 2555 544 2623 prorogata.

174 2646 254 2707 ltem
280 2646 424 2710 Andreas
448 2660 557 2709 contra
575 2648 747 2710 Lucssium
765 2646 908 2709 secundo
925 2647 1039 2708 citatus
1055 2667 1121 2709 non
1145 2649 1336 2730 comparuit.

177 2753 258 2815 ltern
276 2753 432 2815 Martinus
457 2751 556 2833 faber,
580 2766 615 2814 ut
637 2754 818 2836 assumpsit,
842 2772 898 2835 per
914 2752 1084 2814 Nicolaum
1109 2751 1243 2831 odoras,
1270 2755 1338 2817 Ste-

75 2859 213 2940 phanum
237 2859 384 2922 Pundich
408 2873 438 2922 et
456 2859 651 2942 Gregorium
666 2861 784 2942 Angeli
808 2872 922 2949 contra
935 2860 1115 2922 Barnabam
1139 2860 1336 2923 sacerdotem

74 2967 292 3029 testimonium
315 2966 477 3048 produxit,
494 2966 583 3047 quod
600 2967 679 3028 alias
696 2964 784 3028 idem
800 2967 962 3028 Barnabas
978 2966 1127 3028 sacerdos
1143 2968 1337 3045 asseruisset,

75 3072 158 3154 quod
181 3085 256 3155 post
279 3071 446 3134 decessum
470 3071 625 3133 heredum
648 3071 796 3154 Gregorii
815 3072 924 3134 Scorta
941 3072 1051 3133 omnia
1075 3093 1130 3134 sua
1155 3074 1239 3135 bona
1264 3073 1338 3135 filiis

73 3175 172 3241 fratria
207 3179 256 3240 sui
288 3176 459 3241 dimisisset
489 3191 521 3240 et
552 3178 708 3259 legasset,
744 3177 876 3259 quando
907 3197 1028 3240 sacram
1072 3180 1336 3242 communionem

74 3282 234 3347 habuisset
257 3286 297 3347 ab
321 3285 448 3349 eodem.

175 3390 255 3454 Item
281 3393 427 3456 Andreas
450 3406 561 3456 contra
585 3391 744 3456 lanchech
769 3391 911 3453 secundo
924 3391 1038 3454 citatus
1061 3411 1127 3453 non
1145 3391 1335 3474 comparuit.

177 3501 257 3562 ltem
281 3520 376 3562 causa
399 3501 515 3564 ancille
547 3501 655 3563 relicte
679 3499 842 3562 Bartuchii
874 3498 983 3560 estad
1014 3499 1155 3581 primurn
1180 3497 1334 3580 judicium

74 3621 140 3688 post
164 3606 269 3669 carnis
293 3606 433 3689 privium
456 3621 639 3690 prorogata.

174 3712 253 3776 ltem
278 3712 375 3775 luans
399 3713 535 3775 Nicolao
560 3713 592 3775 in
617 3711 789 3794 quindenis
803 3711 946 3793 quinque
971 3729 1093 3771 marcas
1117 3709 1334 3790 denariorum,

74 3835 122 3882 aut
145 3821 214 3903 ipse
239 3819 392 3881 Nicolaus
415 3820 476 3883 sibi
500 3839 558 3902 pro
583 3818 722 3900 quadam
747 3817 845 3879 domo
869 3817 982 3881 solvet.

175 3927 255 3989 ltem
279 3944 373 3988 causa
397 3927 486 3989 Banlr
511 3943 541 3988 et
566 3924 743 4009 Mychaelis
778 3936 824 3985 est
846 3944 903 4007 per
933 3936 1029 3986 testes
1053 3923 1093 3985 ad
1117 3923 1257 4006 primum
1287 3922 1333 4005 ju-

74 4032 191 4096 dicium
214 4046 288 4116 post
311 4033 414 4095 carnis
437 4033 576 4116 privium
600 4044 726 4113 recepta
751 4030 791 4092 ad
815 4050 937 4113 pacem.

175 4140 255 4203 ltem
278 4140 410 4203 domins
435 4140 610 4202 Marlrusini
634 4152 745 4201 contra
772 4137 989 4219 Dragozlaum
1020 4137 1126 4220 prirno
1150 4137 1243 4198 citata
1268 4155 1333 4198 non

73 4248 257 4332 comparuit.

175 4355 254 4416 ltem
279 4354 435 4417 Martinus
450 4367 551 4415 sartor
567 4352 696 4434 jobagio
716 4351 794 4413 Wlk
811 4350 869 4413 filii
895 4349 1002 4412 Lachk
1019 4369 1126 4413 coram
1150 4349 1225 4411 sede
1249 4349 1331 4430 judi-

74 4460 163 4523 ciaria
188 4460 344 4539 atestavit,
369 4459 457 4543 quod
482 4460 548 4542 ipse
573 4459 736 4540 quendam
760 4478 855 4520 suum
880 4477 1011 4539 equum,
1035 4457 1087 4539 lyz
1111 4469 1142 4517 et
1165 4455 1331 4537 potonogh

75 4568 283 4629 anterioribus
295 4567 442 4649 pedibus,
458 4566 594 4627 iohanni
610 4564 733 4627 filio...
747 4584 804 4645 pro
818 4576 890 4625 octo
900 4561 1107 4625 florenisauri
1125 4560 1331 4622 vendidisset.

174 4673 251 4736 ltem
276 4672 358 4735 inita
381 4686 455 4735 octo
479 4672 547 4733 dies
571 4671 754 4733 Anthonius
779 4671 879 4733 Reniz
897 4669 993 4732 debet
1016 4669 1141 4731 solvere
1166 4666 1330 4748 Stephano

76 4775 159 4840 labro
181 4794 245 4842 tres
268 4799 390 4841 marcas
413 4778 629 4842 denariorum.
