<?xml version="1.0" encoding="UTF-8"?>
<!DOCTYPE html PUBLIC "-//W3C//DTD XHTML 1.0 Transitional//EN"
    "http://www.w3.org/TR/xhtml1/DTD/xhtml1-transitional.dtd">
<html xmlns="http://www.w3.org/1999/xhtml" xml:lang="en" lang="en">
 <head>
  <title>
</title>
<meta http-equiv="Content-Type" content="text/html;charset=utf-8" />
  <meta name='ocr-system' content='tesseract 3.04.00' />
  <meta name='ocr-capabilities' content='ocr_page ocr_carea ocr_par ocr_line ocrx_word'/>
</head>
<body>
  <div class='ocr_page' id='page_1' title='image "./monumentahistor04laszgoog/monumentahistor04laszgoog_0075.png"; bbox 0 0 3404 5362; ppageno 0'>
   <div class='ocr_carea' id='block_1_1' title="bbox 325 324 1634 4862">
    <p class='ocr_par' dir='ltr' id='par_1_1' title="bbox 366 324 1209 399">
     <span class='ocr_line' id='line_1_1' title="bbox 366 324 1209 399; baseline 0 -16"><span class='ocrx_word' id='word_1_1' title='bbox 366 324 406 383; x_wconf 83' lang='lat'>26</span> <span class='ocrx_word' id='word_1_2' title='bbox 770 325 853 381; x_wconf 79' lang='lat' dir='ltr'>Anno</span> <span class='ocrx_word' id='word_1_3' title='bbox 878 334 963 399; x_wconf 75' lang='lat'>1375.</span> <span class='ocrx_word' id='word_1_4' title='bbox 990 356 1029 365; x_wconf 91' lang='lat'><em>-</em></span> <span class='ocrx_word' id='word_1_5' title='bbox 1054 336 1105 398; x_wconf 84' lang='lat'>29.</span> <span class='ocrx_word' id='word_1_6' title='bbox 1130 325 1209 383; x_wconf 63' lang='lat' dir='ltr'>nezul.</span> 
     </span>
    </p>

    <p class='ocr_par' dir='ltr' id='par_1_2' title="bbox 366 535 1631 724">
     <span class='ocr_line' id='line_1_2' title="bbox 471 535 1631 616; baseline 0 -21"><span class='ocrx_word' id='word_1_7' title='bbox 471 535 548 597; x_wconf 91' lang='lat' dir='ltr'>Item</span> <span class='ocrx_word' id='word_1_8' title='bbox 574 535 651 596; x_wconf 92' lang='lat' dir='ltr'>luan</span> <span class='ocrx_word' id='word_1_9' title='bbox 676 535 785 598; x_wconf 89' lang='lat' dir='ltr'>Sibich</span> <span class='ocrx_word' id='word_1_10' title='bbox 807 548 916 597; x_wconf 91' lang='lat' dir='ltr'>contra</span> <span class='ocrx_word' id='word_1_11' title='bbox 942 536 1098 597; x_wconf 89' lang='lat' dir='ltr'>Iacobum</span> <span class='ocrx_word' id='word_1_12' title='bbox 1122 550 1263 596; x_wconf 84' lang='lat' dir='ltr'>sutorem</span> <span class='ocrx_word' id='word_1_13' title='bbox 1288 535 1393 616; x_wconf 89' lang='lat' dir='ltr'>primo</span> <span class='ocrx_word' id='word_1_14' title='bbox 1427 535 1540 596; x_wconf 87' lang='lat' dir='ltr'>citatus</span> <span class='ocrx_word' id='word_1_15' title='bbox 1565 554 1631 596; x_wconf 89' lang='lat' dir='ltr'>non</span> 
     </span>
     <span class='ocr_line' id='line_1_3' title="bbox 366 642 556 724; baseline 0.011 -21"><span class='ocrx_word' id='word_1_16' title='bbox 366 642 556 724; x_wconf 84' lang='lat' dir='ltr'>comparuit.</span> 
     </span>
    </p>

    <p class='ocr_par' dir='ltr' id='par_1_3' title="bbox 366 746 1633 936">
     <span class='ocr_line' id='line_1_4' title="bbox 471 746 1633 830; baseline 0.001 -23"><span class='ocrx_word' id='word_1_17' title='bbox 471 747 549 811; x_wconf 86' lang='lat' dir='ltr'><strong>Item</strong></span> <span class='ocrx_word' id='word_1_18' title='bbox 574 748 728 809; x_wconf 87' lang='lat' dir='ltr'>Nicolaus</span> <span class='ocrx_word' id='word_1_19' title='bbox 752 748 889 810; x_wconf 90' lang='lat' dir='ltr'>condam</span> <span class='ocrx_word' id='word_1_20' title='bbox 914 746 1012 829; x_wconf 86' lang='lat' dir='ltr'>judex</span> <span class='ocrx_word' id='word_1_21' title='bbox 1044 761 1153 808; x_wconf 90' lang='lat' dir='ltr'>contra</span> <span class='ocrx_word' id='word_1_22' title='bbox 1178 747 1357 809; x_wconf 88' lang='lat' dir='ltr'>Iohannem</span> <span class='ocrx_word' id='word_1_23' title='bbox 1386 748 1492 830; x_wconf 90' lang='lat' dir='ltr'>primo</span> <span class='ocrx_word' id='word_1_24' title='bbox 1517 748 1633 809; x_wconf 89' lang='lat' dir='ltr'>citatus</span> 
     </span>
     <span class='ocr_line' id='line_1_5' title="bbox 366 855 646 936; baseline 0.004 -21"><span class='ocrx_word' id='word_1_25' title='bbox 366 874 430 916; x_wconf 91' lang='lat' dir='ltr'>non</span> <span class='ocrx_word' id='word_1_26' title='bbox 456 855 646 936; x_wconf 82' lang='lat' dir='ltr'>comparuit.</span> 
     </span>
    </p>

    <p class='ocr_par' dir='ltr' id='par_1_4' title="bbox 365 958 1634 1147">
     <span class='ocr_line' id='line_1_6' title="bbox 474 958 1634 1041; baseline -0.001 -19"><span class='ocrx_word' id='word_1_27' title='bbox 474 961 552 1024; x_wconf 84' lang='lat' dir='ltr'><strong>Item</strong></span> <span class='ocrx_word' id='word_1_28' title='bbox 587 961 699 1022; x_wconf 87' lang='lat' dir='ltr'>Marko</span> <span class='ocrx_word' id='word_1_29' title='bbox 731 958 944 1021; x_wconf 91' lang='lat' dir='ltr'>Gemizouich</span> <span class='ocrx_word' id='word_1_30' title='bbox 980 974 1091 1022; x_wconf 89' lang='lat' dir='ltr'>contra</span> <span class='ocrx_word' id='word_1_31' title='bbox 1124 960 1294 1021; x_wconf 85' lang='lat' dir='ltr'>Lucaaium</span> <span class='ocrx_word' id='word_1_32' title='bbox 1326 959 1537 1039; x_wconf 82' lang='lat' dir='ltr'>sacerdotem,</span> <span class='ocrx_word' id='word_1_33' title='bbox 1562 961 1634 1041; x_wconf 91' lang='lat' dir='ltr'>My·</span> 
     </span>
     <span class='ocr_line' id='line_1_7' title="bbox 365 1065 1364 1147; baseline 0.001 -19"><span class='ocrx_word' id='word_1_34' title='bbox 365 1066 509 1128; x_wconf 91' lang='lat' dir='ltr'>chaelem</span> <span class='ocrx_word' id='word_1_35' title='bbox 534 1081 564 1128; x_wconf 89' lang='lat' dir='ltr'>et</span> <span class='ocrx_word' id='word_1_36' title='bbox 588 1066 796 1128; x_wconf 81' lang='lat' dir='ltr'>Valentinum</span> <span class='ocrx_word' id='word_1_37' title='bbox 820 1066 925 1146; x_wconf 91' lang='lat' dir='ltr'>primo</span> <span class='ocrx_word' id='word_1_38' title='bbox 949 1065 1062 1127; x_wconf 91' lang='lat' dir='ltr'>citatus</span> <span class='ocrx_word' id='word_1_39' title='bbox 1086 1085 1151 1127; x_wconf 90' lang='lat' dir='ltr'>non</span> <span class='ocrx_word' id='word_1_40' title='bbox 1176 1066 1364 1147; x_wconf 84' lang='lat' dir='ltr'><strong>comparuit.</strong></span> 
     </span>
    </p>

    <p class='ocr_par' dir='ltr' id='par_1_5' title="bbox 365 1170 1634 1359">
     <span class='ocr_line' id='line_1_8' title="bbox 477 1170 1634 1234; baseline 0.001 -2"><span class='ocrx_word' id='word_1_41' title='bbox 477 1172 556 1233; x_wconf 91' lang='lat' dir='ltr'>Item</span> <span class='ocrx_word' id='word_1_42' title='bbox 581 1191 674 1233; x_wconf 89' lang='lat' dir='ltr'>causa</span> <span class='ocrx_word' id='word_1_43' title='bbox 692 1171 823 1234; x_wconf 90' lang='lat' dir='ltr'>domine</span> <span class='ocrx_word' id='word_1_44' title='bbox 848 1172 967 1232; x_wconf 90' lang='lat' dir='ltr'>Dicaue</span> <span class='ocrx_word' id='word_1_45' title='bbox 986 1185 1017 1233; x_wconf 93' lang='lat' dir='ltr'>et</span> <span class='ocrx_word' id='word_1_46' title='bbox 1032 1170 1171 1232; x_wconf 90' lang='lat' dir='ltr'>filiorum</span> <span class='ocrx_word' id='word_1_47' title='bbox 1191 1171 1315 1233; x_wconf 89' lang='lat' dir='ltr'>Crisani</span> <span class='ocrx_word' id='word_1_48' title='bbox 1340 1184 1386 1232; x_wconf 87' lang='lat' dir='ltr'>est</span> <span class='ocrx_word' id='word_1_49' title='bbox 1409 1172 1449 1233; x_wconf 94' lang='lat' dir='ltr'>ad</span> <span class='ocrx_word' id='word_1_50' title='bbox 1474 1186 1547 1233; x_wconf 93' lang='lat' dir='ltr'>octo</span> <span class='ocrx_word' id='word_1_51' title='bbox 1565 1171 1634 1233; x_wconf 89' lang='lat' dir='ltr'>dies</span> 
     </span>
     <span class='ocr_line' id='line_1_9' title="bbox 365 1277 1632 1359; baseline 0.001 -21"><span class='ocrx_word' id='word_1_52' title='bbox 365 1291 537 1359; x_wconf 87' lang='lat' dir='ltr'>prorogata</span> <span class='ocrx_word' id='word_1_53' title='bbox 561 1278 602 1339; x_wconf 91' lang='lat' dir='ltr'>ad</span> <span class='ocrx_word' id='word_1_54' title='bbox 634 1278 871 1339; x_wconf 87' lang='lat' dir='ltr'>ostendendum</span> <span class='ocrx_word' id='word_1_55' title='bbox 905 1278 1114 1339; x_wconf 89' lang='lat' dir='ltr'>instrumenta</span> <span class='ocrx_word' id='word_1_56' title='bbox 1147 1277 1282 1339; x_wconf 88' lang='lat' dir='ltr'>literalia</span> <span class='ocrx_word' id='word_1_57' title='bbox 1305 1277 1331 1337; x_wconf 91' lang='lat' dir='ltr'>si</span> <span class='ocrx_word' id='word_1_58' title='bbox 1363 1298 1426 1359; x_wconf 90' lang='lat' dir='ltr'>qua</span> <span class='ocrx_word' id='word_1_59' title='bbox 1450 1277 1632 1340; x_wconf 84' lang='lat' dir='ltr'>habuerint.</span> 
     </span>
    </p>

    <p class='ocr_par' dir='ltr' id='par_1_6' title="bbox 366 1381 1633 1570">
     <span class='ocr_line' id='line_1_10' title="bbox 471 1381 1633 1446; baseline -0.002 -1"><span class='ocrx_word' id='word_1_60' title='bbox 471 1384 549 1445; x_wconf 90' lang='lat' dir='ltr'>Item</span> <span class='ocrx_word' id='word_1_61' title='bbox 574 1384 650 1445; x_wconf 89' lang='lat' dir='ltr'>luan</span> <span class='ocrx_word' id='word_1_62' title='bbox 675 1382 814 1444; x_wconf 84' lang='lat' dir='ltr'>carnifex</span> <span class='ocrx_word' id='word_1_63' title='bbox 840 1398 950 1446; x_wconf 89' lang='lat' dir='ltr'>contra</span> <span class='ocrx_word' id='word_1_64' title='bbox 975 1383 1105 1445; x_wconf 86' lang='lat' dir='ltr'>Petrum</span> <span class='ocrx_word' id='word_1_65' title='bbox 1139 1381 1319 1444; x_wconf 88' lang='lat' dir='ltr'>carnificem</span> <span class='ocrx_word' id='word_1_66' title='bbox 1344 1382 1487 1445; x_wconf 91' lang='lat' dir='ltr'>secundo</span> <span class='ocrx_word' id='word_1_67' title='bbox 1519 1383 1633 1445; x_wconf 91' lang='lat' dir='ltr'>citatus</span> 
     </span>
     <span class='ocr_line' id='line_1_11' title="bbox 366 1489 644 1570; baseline 0.011 -21"><span class='ocrx_word' id='word_1_68' title='bbox 366 1508 432 1549; x_wconf 90' lang='lat' dir='ltr'>non</span> <span class='ocrx_word' id='word_1_69' title='bbox 456 1489 644 1570; x_wconf 88' lang='lat' dir='ltr'>comparuit.</span> 
     </span>
    </p>

    <p class='ocr_par' dir='ltr' id='par_1_7' title="bbox 367 1594 1633 1784">
     <span class='ocr_line' id='line_1_12' title="bbox 471 1594 1633 1676; baseline -0.001 -21"><span class='ocrx_word' id='word_1_70' title='bbox 471 1595 549 1656; x_wconf 90' lang='lat' dir='ltr'>Item</span> <span class='ocrx_word' id='word_1_71' title='bbox 574 1594 693 1656; x_wconf 79' lang='lat' dir='ltr'>Paulus</span> <span class='ocrx_word' id='word_1_72' title='bbox 716 1609 804 1656; x_wconf 91' lang='lat' dir='ltr'>sutor</span> <span class='ocrx_word' id='word_1_73' title='bbox 829 1609 938 1656; x_wconf 92' lang='lat' dir='ltr'>contra</span> <span class='ocrx_word' id='word_1_74' title='bbox 963 1595 1143 1657; x_wconf 83' lang='lat' dir='ltr'>Iohannem</span> <span class='ocrx_word' id='word_1_75' title='bbox 1168 1594 1272 1676; x_wconf 92' lang='lat' dir='ltr'>primo</span> <span class='ocrx_word' id='word_1_76' title='bbox 1306 1594 1418 1656; x_wconf 91' lang='lat' dir='ltr'>citatus</span> <span class='ocrx_word' id='word_1_77' title='bbox 1448 1614 1514 1656; x_wconf 91' lang='lat' dir='ltr'>non</span> <span class='ocrx_word' id='word_1_78' title='bbox 1544 1613 1633 1655; x_wconf 93' lang='lat' dir='ltr'>com-</span> 
     </span>
     <span class='ocr_line' id='line_1_13' title="bbox 367 1701 482 1784; baseline 0 -22"><span class='ocrx_word' id='word_1_79' title='bbox 367 1701 482 1784; x_wconf 91' lang='lat' dir='ltr'>paruit.</span> 
     </span>
    </p>

    <p class='ocr_par' dir='ltr' id='par_1_8' title="bbox 366 1806 1634 1996">
     <span class='ocr_line' id='line_1_14' title="bbox 471 1806 1634 1889; baseline -0.001 -21"><span class='ocrx_word' id='word_1_80' title='bbox 471 1809 549 1870; x_wconf 90' lang='lat' dir='ltr'>Item</span> <span class='ocrx_word' id='word_1_81' title='bbox 583 1808 721 1869; x_wconf 85' lang='lat' dir='ltr'>Iacobus</span> <span class='ocrx_word' id='word_1_82' title='bbox 752 1806 914 1869; x_wconf 91' lang='lat' dir='ltr'>Vrbanich</span> <span class='ocrx_word' id='word_1_83' title='bbox 947 1822 1056 1869; x_wconf 88' lang='lat' dir='ltr'>contra</span> <span class='ocrx_word' id='word_1_84' title='bbox 1089 1806 1226 1868; x_wconf 91' lang='lat' dir='ltr'>Paulum</span> <span class='ocrx_word' id='word_1_85' title='bbox 1257 1806 1367 1889; x_wconf 92' lang='lat' dir='ltr'>Kypar</span> <span class='ocrx_word' id='word_1_86' title='bbox 1390 1806 1495 1888; x_wconf 91' lang='lat' dir='ltr'>primo</span> <span class='ocrx_word' id='word_1_87' title='bbox 1519 1807 1634 1869; x_wconf 85' lang='lat' dir='ltr'>citatus</span> 
     </span>
     <span class='ocr_line' id='line_1_15' title="bbox 366 1913 645 1996; baseline 0 -22"><span class='ocrx_word' id='word_1_88' title='bbox 366 1933 431 1974; x_wconf 90' lang='lat' dir='ltr'>non</span> <span class='ocrx_word' id='word_1_89' title='bbox 456 1913 645 1996; x_wconf 85' lang='lat' dir='ltr'>comparuit.</span> 
     </span>
    </p>

    <p class='ocr_par' dir='ltr' id='par_1_9' title="bbox 367 2017 1629 2205">
     <span class='ocr_line' id='line_1_16' title="bbox 472 2017 1629 2100; baseline -0.001 -21"><span class='ocrx_word' id='word_1_90' title='bbox 472 2020 549 2081; x_wconf 88' lang='lat' dir='ltr'>Item</span> <span class='ocrx_word' id='word_1_91' title='bbox 574 2038 667 2080; x_wconf 85' lang='lat' dir='ltr'>causa</span> <span class='ocrx_word' id='word_1_92' title='bbox 693 2018 825 2098; x_wconf 85' lang='lat' dir='ltr'>Georgii</span> <span class='ocrx_word' id='word_1_93' title='bbox 850 2017 1002 2080; x_wconf 84' lang='lat' dir='ltr'>aurifabri</span> <span class='ocrx_word' id='word_1_94' title='bbox 1035 2033 1066 2081; x_wconf 95' lang='lat' dir='ltr'>et</span> <span class='ocrx_word' id='word_1_95' title='bbox 1090 2021 1256 2081; x_wconf 81' lang='lat' dir='ltr'>Martonoa</span> <span class='ocrx_word' id='word_1_96' title='bbox 1288 2032 1335 2079; x_wconf 85' lang='lat' dir='ltr'>est</span> <span class='ocrx_word' id='word_1_97' title='bbox 1358 2037 1415 2100; x_wconf 95' lang='lat' dir='ltr'>per</span> <span class='ocrx_word' id='word_1_98' title='bbox 1439 2018 1629 2098; x_wconf 87' lang='lat' dir='ltr'>magistrum</span> 
     </span>
     <span class='ocr_line' id='line_1_17' title="bbox 367 2123 1587 2205; baseline 0.001 -20"><span class='ocrx_word' id='word_1_99' title='bbox 367 2124 509 2186; x_wconf 90' lang='lat' dir='ltr'>Francha</span> <span class='ocrx_word' id='word_1_100' title='bbox 534 2123 731 2186; x_wconf 76' lang='lat' dir='ltr'>aurifabrum</span> <span class='ocrx_word' id='word_1_101' title='bbox 756 2138 787 2185; x_wconf 90' lang='lat' dir='ltr'>et</span> <span class='ocrx_word' id='word_1_102' title='bbox 810 2123 968 2186; x_wconf 91' lang='lat' dir='ltr'>lanchech</span> <span class='ocrx_word' id='word_1_103' title='bbox 992 2124 1032 2184; x_wconf 90' lang='lat' dir='ltr'>ad</span> <span class='ocrx_word' id='word_1_104' title='bbox 1058 2140 1131 2186; x_wconf 92' lang='lat' dir='ltr'>octo</span> <span class='ocrx_word' id='word_1_105' title='bbox 1155 2125 1224 2186; x_wconf 85' lang='lat' dir='ltr'>dies</span> <span class='ocrx_word' id='word_1_106' title='bbox 1247 2138 1376 2205; x_wconf 91' lang='lat' dir='ltr'>recepta</span> <span class='ocrx_word' id='word_1_107' title='bbox 1399 2123 1439 2185; x_wconf 88' lang='lat' dir='ltr'>ad</span> <span class='ocrx_word' id='word_1_108' title='bbox 1463 2143 1587 2205; x_wconf 86' lang='lat' dir='ltr'>pacem.</span> 
     </span>
    </p>

    <p class='ocr_par' dir='ltr' id='par_1_10' title="bbox 368 2227 1630 2417">
     <span class='ocr_line' id='line_1_18' title="bbox 471 2227 1630 2312; baseline -0.001 -21"><span class='ocrx_word' id='word_1_109' title='bbox 471 2230 549 2293; x_wconf 89' lang='lat' dir='ltr'>Item</span> <span class='ocrx_word' id='word_1_110' title='bbox 574 2250 667 2291; x_wconf 87' lang='lat' dir='ltr'>causa</span> <span class='ocrx_word' id='word_1_111' title='bbox 692 2229 827 2308; x_wconf 82' lang='lat' dir='ltr'>Marem,</span> <span class='ocrx_word' id='word_1_112' title='bbox 852 2229 999 2310; x_wconf 91' lang='lat' dir='ltr'>Dyonisii</span> <span class='ocrx_word' id='word_1_113' title='bbox 1025 2243 1056 2291; x_wconf 93' lang='lat' dir='ltr'>et</span> <span class='ocrx_word' id='word_1_114' title='bbox 1073 2230 1203 2293; x_wconf 90' lang='lat' dir='ltr'>Martini</span> <span class='ocrx_word' id='word_1_115' title='bbox 1227 2243 1274 2292; x_wconf 91' lang='lat' dir='ltr'>est</span> <span class='ocrx_word' id='word_1_116' title='bbox 1297 2249 1355 2312; x_wconf 90' lang='lat' dir='ltr'>per</span> <span class='ocrx_word' id='word_1_117' title='bbox 1379 2227 1564 2310; x_wconf 86' lang='lat' dir='ltr'>Dragonam</span> <span class='ocrx_word' id='word_1_118' title='bbox 1589 2229 1630 2290; x_wconf 90' lang='lat' dir='ltr'>ad</span> 
     </span>
     <span class='ocr_line' id='line_1_19' title="bbox 368 2335 893 2417; baseline 0 -20"><span class='ocrx_word' id='word_1_119' title='bbox 368 2351 441 2397; x_wconf 92' lang='lat' dir='ltr'>octo</span> <span class='ocrx_word' id='word_1_120' title='bbox 466 2336 534 2397; x_wconf 85' lang='lat' dir='ltr'>dies</span> <span class='ocrx_word' id='word_1_121' title='bbox 557 2350 683 2417; x_wconf 87' lang='lat' dir='ltr'>recepta</span> <span class='ocrx_word' id='word_1_122' title='bbox 706 2335 747 2395; x_wconf 89' lang='lat' dir='ltr'>ad</span> <span class='ocrx_word' id='word_1_123' title='bbox 771 2354 893 2417; x_wconf 91' lang='lat' dir='ltr'>pacem.</span> 
     </span>
    </p>

    <p class='ocr_par' dir='ltr' id='par_1_11' title="bbox 366 2438 1632 2629">
     <span class='ocr_line' id='line_1_20' title="bbox 471 2438 1632 2523; baseline -0.001 -21"><span class='ocrx_word' id='word_1_124' title='bbox 471 2443 549 2504; x_wconf 90' lang='lat' dir='ltr'>Item</span> <span class='ocrx_word' id='word_1_125' title='bbox 574 2461 667 2503; x_wconf 89' lang='lat' dir='ltr'>causa</span> <span class='ocrx_word' id='word_1_126' title='bbox 693 2441 807 2502; x_wconf 87' lang='lat' dir='ltr'>Paulas</span> <span class='ocrx_word' id='word_1_127' title='bbox 836 2454 867 2502; x_wconf 90' lang='lat' dir='ltr'>et</span> <span class='ocrx_word' id='word_1_128' title='bbox 890 2440 1047 2503; x_wconf 83' lang='lat' dir='ltr'>Anthonii</span> <span class='ocrx_word' id='word_1_129' title='bbox 1072 2455 1118 2504; x_wconf 87' lang='lat' dir='ltr'>est</span> <span class='ocrx_word' id='word_1_130' title='bbox 1141 2461 1198 2523; x_wconf 90' lang='lat' dir='ltr'>per</span> <span class='ocrx_word' id='word_1_131' title='bbox 1228 2440 1408 2502; x_wconf 89' lang='lat' dir='ltr'>Francham</span> <span class='ocrx_word' id='word_1_132' title='bbox 1433 2438 1632 2501; x_wconf 87' lang='lat' dir='ltr'>aurifabrum</span> 
     </span>
     <span class='ocr_line' id='line_1_21' title="bbox 366 2548 703 2629; baseline -0.003 -20"><span class='ocrx_word' id='word_1_133' title='bbox 366 2560 491 2629; x_wconf 88' lang='lat' dir='ltr'>recepta</span> <span class='ocrx_word' id='word_1_134' title='bbox 516 2548 556 2608; x_wconf 95' lang='lat' dir='ltr'>ad</span> <span class='ocrx_word' id='word_1_135' title='bbox 579 2567 703 2629; x_wconf 86' lang='lat' dir='ltr'>pacem.</span> 
     </span>
    </p>

    <p class='ocr_par' dir='ltr' id='par_1_12' title="bbox 325 2652 1633 2841">
     <span class='ocr_line' id='line_1_22' title="bbox 471 2652 1633 2736; baseline 0 -22"><span class='ocrx_word' id='word_1_136' title='bbox 471 2653 551 2715; x_wconf 90' lang='lat' dir='ltr'>Item</span> <span class='ocrx_word' id='word_1_137' title='bbox 574 2673 668 2715; x_wconf 90' lang='lat' dir='ltr'>causa</span> <span class='ocrx_word' id='word_1_138' title='bbox 693 2652 830 2736; x_wconf 87' lang='lat' dir='ltr'>Mykech</span> <span class='ocrx_word' id='word_1_139' title='bbox 854 2667 885 2715; x_wconf 89' lang='lat' dir='ltr'>et</span> <span class='ocrx_word' id='word_1_140' title='bbox 902 2653 1000 2714; x_wconf 90' lang='lat' dir='ltr'>Marci</span> <span class='ocrx_word' id='word_1_141' title='bbox 1032 2665 1077 2714; x_wconf 86' lang='lat' dir='ltr'>eat</span> <span class='ocrx_word' id='word_1_142' title='bbox 1101 2672 1157 2734; x_wconf 90' lang='lat' dir='ltr'>per</span> <span class='ocrx_word' id='word_1_143' title='bbox 1174 2652 1311 2716; x_wconf 79' lang='lat' dir='ltr'>Cursum</span> <span class='ocrx_word' id='word_1_144' title='bbox 1336 2653 1375 2714; x_wconf 93' lang='lat' dir='ltr'>ad</span> <span class='ocrx_word' id='word_1_145' title='bbox 1401 2667 1473 2714; x_wconf 92' lang='lat' dir='ltr'>octo</span> <span class='ocrx_word' id='word_1_146' title='bbox 1498 2652 1567 2714; x_wconf 90' lang='lat' dir='ltr'>dies</span> <span class='ocrx_word' id='word_1_147' title='bbox 1584 2674 1633 2714; x_wconf 88' lang='lat' dir='ltr'>re·</span> 
     </span>
     <span class='ocr_line' id='line_1_23' title="bbox 325 2759 668 2841; baseline 0.003 -21"><span class='ocrx_word' id='word_1_148' title='bbox 325 2776 328 2780; x_wconf 88' lang='lat'>·</span> <span class='ocrx_word' id='word_1_149' title='bbox 368 2771 458 2841; x_wconf 90' lang='lat' dir='ltr'>cepta</span> <span class='ocrx_word' id='word_1_150' title='bbox 481 2759 521 2821; x_wconf 89' lang='lat' dir='ltr'>ad</span> <span class='ocrx_word' id='word_1_151' title='bbox 546 2778 668 2841; x_wconf 89' lang='lat' dir='ltr'>pacem.</span> 
     </span>
    </p>

    <p class='ocr_par' dir='ltr' id='par_1_13' title="bbox 367 2864 1633 3053">
     <span class='ocr_line' id='line_1_24' title="bbox 472 2864 1633 2946; baseline 0 -20"><span class='ocrx_word' id='word_1_152' title='bbox 472 2865 549 2927; x_wconf 90' lang='lat' dir='ltr'>Item</span> <span class='ocrx_word' id='word_1_153' title='bbox 576 2866 733 2927; x_wconf 89' lang='lat' dir='ltr'>Martinus</span> <span class='ocrx_word' id='word_1_154' title='bbox 756 2864 925 2946; x_wconf 92' lang='lat' dir='ltr'>Zequirich</span> <span class='ocrx_word' id='word_1_155' title='bbox 958 2878 1068 2926; x_wconf 89' lang='lat' dir='ltr'>contra</span> <span class='ocrx_word' id='word_1_156' title='bbox 1092 2865 1263 2927; x_wconf 89' lang='lat' dir='ltr'>Nicolaum</span> <span class='ocrx_word' id='word_1_157' title='bbox 1287 2865 1393 2946; x_wconf 91' lang='lat' dir='ltr'>primo</span> <span class='ocrx_word' id='word_1_158' title='bbox 1429 2865 1543 2926; x_wconf 88' lang='lat' dir='ltr'>citatus</span> <span class='ocrx_word' id='word_1_159' title='bbox 1567 2884 1633 2926; x_wconf 90' lang='lat' dir='ltr'>non</span> 
     </span>
     <span class='ocr_line' id='line_1_25' title="bbox 367 2971 558 3053; baseline 0 -20"><span class='ocrx_word' id='word_1_160' title='bbox 367 2971 558 3053; x_wconf 87' lang='lat' dir='ltr'>comparuit.</span> 
     </span>
    </p>

    <p class='ocr_par' dir='ltr' id='par_1_14' title="bbox 368 3076 1634 3267">
     <span class='ocr_line' id='line_1_26' title="bbox 473 3076 1634 3160; baseline -0.001 -21"><span class='ocrx_word' id='word_1_161' title='bbox 473 3078 550 3139; x_wconf 93' lang='lat' dir='ltr'>Item</span> <span class='ocrx_word' id='word_1_162' title='bbox 576 3097 670 3140; x_wconf 90' lang='lat' dir='ltr'>causa</span> <span class='ocrx_word' id='word_1_163' title='bbox 695 3078 804 3139; x_wconf 89' lang='lat' dir='ltr'>Jacobi</span> <span class='ocrx_word' id='word_1_164' title='bbox 823 3092 854 3140; x_wconf 91' lang='lat' dir='ltr'>et</span> <span class='ocrx_word' id='word_1_165' title='bbox 878 3077 977 3139; x_wconf 89' lang='lat' dir='ltr'>Marci</span> <span class='ocrx_word' id='word_1_166' title='bbox 995 3089 1042 3138; x_wconf 91' lang='lat' dir='ltr'>est</span> <span class='ocrx_word' id='word_1_167' title='bbox 1058 3097 1115 3160; x_wconf 91' lang='lat' dir='ltr'>per</span> <span class='ocrx_word' id='word_1_168' title='bbox 1138 3091 1233 3139; x_wconf 90' lang='lat' dir='ltr'>testes</span> <span class='ocrx_word' id='word_1_169' title='bbox 1256 3076 1297 3138; x_wconf 94' lang='lat' dir='ltr'>ad</span> <span class='ocrx_word' id='word_1_170' title='bbox 1314 3090 1388 3138; x_wconf 91' lang='lat' dir='ltr'>octo</span> <span class='ocrx_word' id='word_1_171' title='bbox 1411 3077 1481 3137; x_wconf 90' lang='lat' dir='ltr'>dies</span> <span class='ocrx_word' id='word_1_172' title='bbox 1505 3090 1634 3160; x_wconf 90' lang='lat' dir='ltr'>recepta</span> 
     </span>
     <span class='ocr_line' id='line_1_27' title="bbox 368 3183 556 3267; baseline 0.011 -21"><span class='ocrx_word' id='word_1_173' title='bbox 368 3183 408 3246; x_wconf 92' lang='lat' dir='ltr'>ad</span> <span class='ocrx_word' id='word_1_174' title='bbox 431 3204 556 3267; x_wconf 89' lang='lat' dir='ltr'>pacem.</span> 
     </span>
    </p>

    <p class='ocr_par' dir='ltr' id='par_1_15' title="bbox 472 3289 1634 3372">
     <span class='ocr_line' id='line_1_28' title="bbox 472 3289 1634 3372; baseline 0 -20"><span class='ocrx_word' id='word_1_175' title='bbox 472 3291 551 3353; x_wconf 89' lang='lat' dir='ltr'>Item</span> <span class='ocrx_word' id='word_1_176' title='bbox 583 3290 740 3353; x_wconf 90' lang='lat' dir='ltr'>Martinus</span> <span class='ocrx_word' id='word_1_177' title='bbox 763 3303 872 3351; x_wconf 90' lang='lat' dir='ltr'>contra</span> <span class='ocrx_word' id='word_1_178' title='bbox 891 3289 1075 3371; x_wconf 88' lang='lat' dir='ltr'>Scoryanch</span> <span class='ocrx_word' id='word_1_179' title='bbox 1100 3290 1204 3372; x_wconf 92' lang='lat' dir='ltr'>primo</span> <span class='ocrx_word' id='word_1_180' title='bbox 1229 3290 1341 3351; x_wconf 90' lang='lat' dir='ltr'>citatus</span> <span class='ocrx_word' id='word_1_181' title='bbox 1358 3309 1423 3351; x_wconf 87' lang='lat' dir='ltr'>non</span> <span class='ocrx_word' id='word_1_182' title='bbox 1442 3291 1634 3372; x_wconf 83' lang='lat' dir='ltr'>comparuit.</span> 
     </span>
    </p>

    <p class='ocr_par' dir='ltr' id='par_1_16' title="bbox 366 3394 1633 3585">
     <span class='ocr_line' id='line_1_29' title="bbox 473 3394 1633 3459; baseline 0 0"><span class='ocrx_word' id='word_1_183' title='bbox 473 3397 552 3459; x_wconf 90' lang='lat' dir='ltr'>Item</span> <span class='ocrx_word' id='word_1_184' title='bbox 577 3396 749 3459; x_wconf 92' lang='lat' dir='ltr'>Chuethko</span> <span class='ocrx_word' id='word_1_185' title='bbox 774 3409 883 3458; x_wconf 88' lang='lat' dir='ltr'>contra</span> <span class='ocrx_word' id='word_1_186' title='bbox 913 3394 1116 3458; x_wconf 85' lang='lat' dir='ltr'>Clementem</span> <span class='ocrx_word' id='word_1_187' title='bbox 1148 3394 1290 3457; x_wconf 87' lang='lat' dir='ltr'>secundo</span> <span class='ocrx_word' id='word_1_188' title='bbox 1315 3396 1430 3459; x_wconf 90' lang='lat' dir='ltr'>citatus</span> <span class='ocrx_word' id='word_1_189' title='bbox 1454 3415 1519 3457; x_wconf 90' lang='lat' dir='ltr'>non</span> <span class='ocrx_word' id='word_1_190' title='bbox 1545 3417 1633 3459; x_wconf 90' lang='lat' dir='ltr'>com·</span> 
     </span>
     <span class='ocr_line' id='line_1_30' title="bbox 366 3502 483 3585; baseline 0.009 -21"><span class='ocrx_word' id='word_1_191' title='bbox 366 3502 483 3585; x_wconf 87' lang='lat' dir='ltr'>paruit.</span> 
     </span>
    </p>

    <p class='ocr_par' dir='ltr' id='par_1_17' title="bbox 368 3608 1633 3795">
     <span class='ocr_line' id='line_1_31' title="bbox 473 3608 1633 3691; baseline 0.003 -22"><span class='ocrx_word' id='word_1_192' title='bbox 473 3608 550 3670; x_wconf 90' lang='lat' dir='ltr'>Item</span> <span class='ocrx_word' id='word_1_193' title='bbox 583 3609 705 3670; x_wconf 90' lang='lat' dir='ltr'>Jakoua</span> <span class='ocrx_word' id='word_1_194' title='bbox 737 3627 810 3670; x_wconf 91' lang='lat' dir='ltr'>cum</span> <span class='ocrx_word' id='word_1_195' title='bbox 843 3620 942 3669; x_wconf 90' lang='lat' dir='ltr'>matre</span> <span class='ocrx_word' id='word_1_196' title='bbox 965 3621 1074 3670; x_wconf 84' lang='lat' dir='ltr'>contra</span> <span class='ocrx_word' id='word_1_197' title='bbox 1104 3609 1183 3670; x_wconf 92' lang='lat' dir='ltr'>Wlk</span> <span class='ocrx_word' id='word_1_198' title='bbox 1208 3610 1312 3691; x_wconf 90' lang='lat' dir='ltr'>primo</span> <span class='ocrx_word' id='word_1_199' title='bbox 1337 3609 1430 3671; x_wconf 90' lang='lat' dir='ltr'>citate</span> <span class='ocrx_word' id='word_1_200' title='bbox 1455 3630 1521 3672; x_wconf 93' lang='lat' dir='ltr'>non</span> <span class='ocrx_word' id='word_1_201' title='bbox 1546 3630 1633 3672; x_wconf 90' lang='lat' dir='ltr'>com-</span> 
     </span>
     <span class='ocr_line' id='line_1_32' title="bbox 368 3727 552 3795; baseline 0.005 -20"><span class='ocrx_word' id='word_1_202' title='bbox 368 3727 552 3795; x_wconf 90' lang='lat' dir='ltr'>paruerunt.</span> 
     </span>
    </p>

    <p class='ocr_par' dir='ltr' id='par_1_18' title="bbox 367 3817 1634 4008">
     <span class='ocr_line' id='line_1_33' title="bbox 472 3817 1634 3904; baseline 0.003 -24"><span class='ocrx_word' id='word_1_203' title='bbox 472 3819 551 3882; x_wconf 87' lang='lat' dir='ltr'>Item</span> <span class='ocrx_word' id='word_1_204' title='bbox 583 3820 721 3882; x_wconf 87' lang='lat' dir='ltr'>Iacobus</span> <span class='ocrx_word' id='word_1_205' title='bbox 751 3817 882 3901; x_wconf 85' lang='lat' dir='ltr'>pellifex</span> <span class='ocrx_word' id='word_1_206' title='bbox 914 3820 1061 3882; x_wconf 89' lang='lat' dir='ltr'>atestabit</span> <span class='ocrx_word' id='word_1_207' title='bbox 1088 3840 1144 3903; x_wconf 90' lang='lat' dir='ltr'>per</span> <span class='ocrx_word' id='word_1_208' title='bbox 1176 3821 1347 3882; x_wconf 87' lang='lat' dir='ltr'>Lucasium</span> <span class='ocrx_word' id='word_1_209' title='bbox 1372 3820 1570 3904; x_wconf 88' lang='lat' dir='ltr'>freniparum</span> <span class='ocrx_word' id='word_1_210' title='bbox 1604 3837 1634 3885; x_wconf 95' lang='lat' dir='ltr'>et</span> 
     </span>
     <span class='ocr_line' id='line_1_34' title="bbox 367 3924 1583 4008; baseline 0.001 -20"><span class='ocrx_word' id='word_1_211' title='bbox 367 3927 546 3990; x_wconf 90' lang='lat' dir='ltr'>Iohannem</span> <span class='ocrx_word' id='word_1_212' title='bbox 570 3940 684 3989; x_wconf 84' lang='lat' dir='ltr'>octavo</span> <span class='ocrx_word' id='word_1_213' title='bbox 709 3927 761 3988; x_wconf 93' lang='lat' dir='ltr'>die</span> <span class='ocrx_word' id='word_1_214' title='bbox 785 3925 873 4008; x_wconf 91' lang='lat' dir='ltr'>quod</span> <span class='ocrx_word' id='word_1_215' title='bbox 898 3924 1005 4008; x_wconf 84' lang='lat' dir='ltr'>ipsum</span> <span class='ocrx_word' id='word_1_216' title='bbox 1033 3925 1195 3989; x_wconf 91' lang='lat' dir='ltr'>Corardus</span> <span class='ocrx_word' id='word_1_217' title='bbox 1218 3926 1394 3988; x_wconf 87' lang='lat' dir='ltr'>interlicere</span> <span class='ocrx_word' id='word_1_218' title='bbox 1420 3929 1583 3991; x_wconf 84' lang='lat' dir='ltr'>voluisset.</span> 
     </span>
    </p>

    <p class='ocr_par' dir='ltr' id='par_1_19' title="bbox 368 4031 1632 4224">
     <span class='ocr_line' id='line_1_35' title="bbox 472 4031 1632 4117; baseline 0.001 -21"><span class='ocrx_word' id='word_1_219' title='bbox 472 4035 550 4097; x_wconf 92' lang='lat' dir='ltr'>Item</span> <span class='ocrx_word' id='word_1_220' title='bbox 582 4034 707 4098; x_wconf 82' lang='lat' dir='ltr'>Matina</span> <span class='ocrx_word' id='word_1_221' title='bbox 736 4052 808 4095; x_wconf 93' lang='lat' dir='ltr'>cum</span> <span class='ocrx_word' id='word_1_222' title='bbox 841 4031 906 4094; x_wconf 91' lang='lat' dir='ltr'>filia</span> <span class='ocrx_word' id='word_1_223' title='bbox 938 4047 1047 4095; x_wconf 88' lang='lat' dir='ltr'>contra</span> <span class='ocrx_word' id='word_1_224' title='bbox 1072 4034 1252 4096; x_wconf 82' lang='lat' dir='ltr'>Iohannem</span> <span class='ocrx_word' id='word_1_225' title='bbox 1277 4034 1374 4095; x_wconf 92' lang='lat' dir='ltr'>Liber</span> <span class='ocrx_word' id='word_1_226' title='bbox 1401 4036 1506 4117; x_wconf 90' lang='lat' dir='ltr'>primo</span> <span class='ocrx_word' id='word_1_227' title='bbox 1538 4036 1632 4097; x_wconf 88' lang='lat' dir='ltr'>citate</span> 
     </span>
     <span class='ocr_line' id='line_1_36' title="bbox 368 4153 716 4224; baseline -0.006 -20"><span class='ocrx_word' id='word_1_228' title='bbox 368 4162 433 4204; x_wconf 90' lang='lat' dir='ltr'>non</span> <span class='ocrx_word' id='word_1_229' title='bbox 458 4153 716 4224; x_wconf 90' lang='lat' dir='ltr'>comparuerunt.</span> 
     </span>
    </p>

    <p class='ocr_par' dir='ltr' id='par_1_20' title="bbox 367 4244 1630 4435">
     <span class='ocr_line' id='line_1_37' title="bbox 473 4244 1630 4329; baseline 0.001 -20"><span class='ocrx_word' id='word_1_230' title='bbox 473 4248 550 4310; x_wconf 92' lang='lat' dir='ltr'>Item</span> <span class='ocrx_word' id='word_1_231' title='bbox 578 4249 727 4328; x_wconf 82' lang='lat' dir='ltr'>Dragona</span> <span class='ocrx_word' id='word_1_232' title='bbox 745 4261 859 4310; x_wconf 92' lang='lat' dir='ltr'>octavo</span> <span class='ocrx_word' id='word_1_233' title='bbox 884 4245 935 4306; x_wconf 92' lang='lat' dir='ltr'>die</span> <span class='ocrx_word' id='word_1_234' title='bbox 960 4265 1016 4327; x_wconf 92' lang='lat' dir='ltr'>per</span> <span class='ocrx_word' id='word_1_235' title='bbox 1032 4244 1115 4326; x_wconf 86' lang='lat' dir='ltr'>Iglar</span> <span class='ocrx_word' id='word_1_236' title='bbox 1133 4260 1164 4308; x_wconf 94' lang='lat' dir='ltr'>et</span> <span class='ocrx_word' id='word_1_237' title='bbox 1181 4265 1314 4308; x_wconf 85' lang='lat' dir='ltr'>uxorem</span> <span class='ocrx_word' id='word_1_238' title='bbox 1332 4246 1446 4307; x_wconf 91' lang='lat' dir='ltr'>Konch</span> <span class='ocrx_word' id='word_1_239' title='bbox 1471 4250 1630 4329; x_wconf 83' lang='lat' dir='ltr'>atestabit,</span> 
     </span>
     <span class='ocr_line' id='line_1_38' title="bbox 367 4350 1455 4435; baseline 0 -21"><span class='ocrx_word' id='word_1_240' title='bbox 367 4354 455 4435; x_wconf 93' lang='lat' dir='ltr'>quod</span> <span class='ocrx_word' id='word_1_241' title='bbox 480 4374 560 4415; x_wconf 84' lang='lat' dir='ltr'>uxor</span> <span class='ocrx_word' id='word_1_242' title='bbox 584 4353 693 4416; x_wconf 86' lang='lat' dir='ltr'>Sibich</span> <span class='ocrx_word' id='word_1_243' title='bbox 717 4373 809 4415; x_wconf 89' lang='lat' dir='ltr'>suam</span> <span class='ocrx_word' id='word_1_244' title='bbox 833 4371 967 4415; x_wconf 83' lang='lat' dir='ltr'>uxorem</span> <span class='ocrx_word' id='word_1_245' title='bbox 990 4351 1097 4411; x_wconf 89' lang='lat' dir='ltr'>verbis</span> <span class='ocrx_word' id='word_1_246' title='bbox 1120 4352 1267 4433; x_wconf 82' lang='lat' dir='ltr'>turpibus</span> <span class='ocrx_word' id='word_1_247' title='bbox 1290 4350 1455 4414; x_wconf 89' lang='lat' dir='ltr'>affecisset.</span> 
     </span>
    </p>

    <p class='ocr_par' dir='ltr' id='par_1_21' title="bbox 367 4456 1632 4753">
     <span class='ocr_line' id='line_1_39' title="bbox 472 4456 1632 4541; baseline 0.003 -21"><span class='ocrx_word' id='word_1_248' title='bbox 472 4459 551 4521; x_wconf 90' lang='lat' dir='ltr'>Item</span> <span class='ocrx_word' id='word_1_249' title='bbox 575 4460 662 4522; x_wconf 90' lang='lat' dir='ltr'>idem</span> <span class='ocrx_word' id='word_1_250' title='bbox 687 4461 837 4541; x_wconf 83' lang='lat' dir='ltr'>Dragona</span> <span class='ocrx_word' id='word_1_251' title='bbox 861 4457 1009 4520; x_wconf 90' lang='lat' dir='ltr'>atestabit</span> <span class='ocrx_word' id='word_1_252' title='bbox 1039 4476 1095 4538; x_wconf 92' lang='lat' dir='ltr'>per</span> <span class='ocrx_word' id='word_1_253' title='bbox 1120 4456 1331 4520; x_wconf 87' lang='lat' dir='ltr'>Benedictum</span> <span class='ocrx_word' id='word_1_254' title='bbox 1357 4457 1456 4520; x_wconf 87' lang='lat' dir='ltr'>Pazar</span> <span class='ocrx_word' id='word_1_255' title='bbox 1480 4474 1510 4521; x_wconf 91' lang='lat' dir='ltr'>et</span> <span class='ocrx_word' id='word_1_256' title='bbox 1536 4461 1632 4523; x_wconf 90' lang='lat' dir='ltr'>Ladi-</span> 
     </span>
     <span class='ocr_line' id='line_1_40' title="bbox 367 4561 1630 4646; baseline 0.004 -20"><span class='ocrx_word' id='word_1_257' title='bbox 367 4564 470 4626; x_wconf 89' lang='lat' dir='ltr'>slaum</span> <span class='ocrx_word' id='word_1_258' title='bbox 494 4564 578 4626; x_wconf 93' lang='lat' dir='ltr'>tular</span> <span class='ocrx_word' id='word_1_259' title='bbox 601 4581 715 4627; x_wconf 89' lang='lat' dir='ltr'>octavo</span> <span class='ocrx_word' id='word_1_260' title='bbox 748 4566 799 4626; x_wconf 92' lang='lat' dir='ltr'>die</span> <span class='ocrx_word' id='word_1_261' title='bbox 832 4563 920 4646; x_wconf 92' lang='lat' dir='ltr'>quod</span> <span class='ocrx_word' id='word_1_262' title='bbox 950 4563 1054 4645; x_wconf 90' lang='lat' dir='ltr'>ipsum</span> <span class='ocrx_word' id='word_1_263' title='bbox 1077 4561 1181 4623; x_wconf 88' lang='lat' dir='ltr'>dictus</span> <span class='ocrx_word' id='word_1_264' title='bbox 1212 4563 1289 4625; x_wconf 91' lang='lat' dir='ltr'>luan</span> <span class='ocrx_word' id='word_1_265' title='bbox 1320 4565 1549 4646; x_wconf 89' lang='lat' dir='ltr'>vituperaverit</span> <span class='ocrx_word' id='word_1_266' title='bbox 1574 4568 1630 4631; x_wconf 86' lang='lat' dir='ltr'>lite</span> 
     </span>
     <span class='ocr_line' id='line_1_41' title="bbox 367 4669 980 4753; baseline 0 -21"><span class='ocrx_word' id='word_1_267' title='bbox 367 4672 527 4753; x_wconf 89' lang='lat' dir='ltr'>pendente</span> <span class='ocrx_word' id='word_1_268' title='bbox 553 4672 634 4733; x_wconf 86' lang='lat' dir='ltr'>Inter</span> <span class='ocrx_word' id='word_1_269' title='bbox 659 4673 755 4753; x_wconf 91' lang='lat' dir='ltr'>ipsos.</span> <span class='ocrx_word' id='word_1_270' title='bbox 978 4669 980 4672; x_wconf 42' lang='lat'><em>⁴</em></span> 
     </span>
    </p>

    <p class='ocr_par' dir='ltr' id='par_1_22' title="bbox 474 4775 1388 4862">
     <span class='ocr_line' id='line_1_42' title="bbox 474 4775 1388 4862; baseline 0.003 -24"><span class='ocrx_word' id='word_1_271' title='bbox 474 4777 553 4838; x_wconf 87' lang='lat' dir='ltr'>Item</span> <span class='ocrx_word' id='word_1_272' title='bbox 572 4777 697 4859; x_wconf 84' lang='lat' dir='ltr'>·Jagaua</span> <span class='ocrx_word' id='word_1_273' title='bbox 721 4792 831 4840; x_wconf 92' lang='lat' dir='ltr'>contra</span> <span class='ocrx_word' id='word_1_274' title='bbox 855 4778 934 4839; x_wconf 90' lang='lat' dir='ltr'>Wlk</span> <span class='ocrx_word' id='word_1_275' title='bbox 957 4791 1071 4840; x_wconf 87' lang='lat' dir='ltr'>octavo</span> <span class='ocrx_word' id='word_1_276' title='bbox 1096 4775 1149 4838; x_wconf 93' lang='lat' dir='ltr'>die</span> <span class='ocrx_word' id='word_1_277' title='bbox 1171 4778 1388 4862; x_wconf 88' lang='lat' dir='ltr'>respondebit.</span> 
     </span>
    </p>
   </div>
   <div class='ocr_carea' id='block_1_2' title="bbox 0 0 1708 5362">
    <p class='ocr_par' dir='ltr' id='par_1_23' title="bbox 0 0 1708 5362">
     <span class='ocr_line' id='line_1_43' title="bbox 0 0 1708 5362; baseline 0 0"><span class='ocrx_word' id='word_1_278' title='bbox 0 0 1708 5362; x_wconf 95' lang='lat' dir='ltr'> </span> 
     </span>
    </p>
   </div>
  </div>
 </body>
</html>
