3404 5362
614 333 815 407 Ann01390.
841 365 880 374 -
906 346 953 410 14,
970 333 1122 407 januarii.

335 540 416 603 ltem
441 542 631 604 Valentinus
655 540 740 602 iilius
763 541 925 603 Malenich
941 562 1049 603 coram
1076 542 1170 604 nobis
1186 543 1399 626 personaliter
1421 563 1497 604 con-

226 648 359 709 stitutus
382 668 439 709 sua
465 662 495 709 et
526 648 673 709 omnium
707 646 839 708 fratrum
871 667 927 708 seu
952 662 1162 728 cognatorum
1193 668 1325 710 suorum
1352 649 1497 731 personis

227 766 273 816 est
298 751 476 834 confessus,
492 753 580 836 quod
606 753 680 835 quia
698 751 878 815 Johanoem
896 752 999 815 filium
1016 755 1129 816 Bozou
1145 767 1176 816 et
1192 754 1388 817 Hanslinum
1406 754 1494 817 Teu-

227 860 374 922 tonicum
399 880 494 942 super
519 859 602 922 lacto
620 859 882 941 interempcionis
906 860 1061 922 Anthonii
1081 858 1186 922 fratris
1202 861 1249 922 sui
1268 860 1496 942 inculpabant;

230 980 259 1027 et
282 967 361 1048 quia
385 966 518 1049 predicti
543 966 706 1028 lohannes
729 979 760 1026 et
784 965 961 1026 Hanslinus
985 965 1016 1027 in
1042 965 1125 1028 dicta
1154 965 1408 1049 interempcione
1432 967 1492 1049 ipsi

230 1072 404 1135 Valentino
436 1073 613 1155 culpabiles
645 1092 710 1134 non
743 1072 993 1154 reperiebantur,
1026 1071 1100 1134 ideo
1132 1071 1273 1155 prefatus
1305 1074 1496 1136 Valentinus

232 1178 333 1241 dictos
358 1179 539 1241 Johannem
565 1191 596 1240 et
620 1178 815 1240 Hanslinum
831 1198 888 1240 sua
913 1192 944 1240 et
968 1178 1128 1240 dictorum
1144 1179 1290 1262 personis
1314 1200 1370 1262 per
1388 1181 1496 1243 omnia

234 1285 374 1346 reddidit
398 1285 574 1368 expeditos,
597 1304 707 1368 ymmo
731 1283 871 1346 reddidit
895 1284 995 1347 nostri
1020 1285 1052 1345 in
1076 1286 1250 1367 presencia.

335 1392 416 1455 Item
440 1439 448 1454 .
468 1441 475 1455 .
493 1439 524 1456 ..
549 1405 659 1454 contra
684 1396 812 1453 Annam
836 1391 941 1473 primo
965 1391 1078 1452 citatus
1102 1410 1167 1452 noo
1191 1392 1380 1475 comparuit.

334 1498 416 1561 Item
441 1499 618 1581 Gregorius
642 1499 753 1560 Benko
777 1512 931 1580 tanquam
947 1510 1036 1560 actor
1059 1512 1168 1561 contra
1194 1498 1307 1562 Paulas
1330 1499 1437 1581 primo
1454 1499 1497 1560 ci·

231 1618 314 1669 tatus
340 1625 406 1668 non
431 1604 620 1687 comparuit.

336 1711 415 1773 ltem
433 1710 609 1793 Gregorius
633 1708 788 1792 voyschar
812 1723 842 1771 et
873 1709 999 1772 Blasich
1031 1724 1145 1772 octavo
1177 1710 1229 1772 die
1253 1725 1363 1772 contra
1388 1759 1396 1773 .
1421 1756 1429 1773 .
1455 1760 1462 1774 .
1488 1756 1495 1772 .

221 1835 326 1901 super
352 1817 508 1899 quasdam
533 1816 640 1898 fruges
664 1815 767 1897 jurare
795 1816 923 1879 debent.

336 1922 415 1984 ltem
452 1927 545 1985 Anna
581 1923 741 2005 penestica
781 1937 892 1985 contra
925 1922 1119 2005 Gregorium
1157 1923 1263 2006 primo
1295 1923 1415 2005 judicio
1451 1943 1498 1985 re·

214 2028 415 2112 spondebit.

301 2264 399 2339 Feria
428 2270 536 2339 tercia
565 2270 721 2357 proxima
749 2275 825 2356 post
855 2269 976 2340 festam
1005 2268 1265 2359 Epiphanlaram
1294 2267 1427 2339 domini.

623 2419 726 2502 (Anno
750 2437 840 2500 1390,
867 2438 914 2484 11.
931 2422 1098 2504 januaria).

339 2581 419 2643 Item
444 2601 538 2643 causa
563 2581 646 2642 Petri
663 2594 773 2642 contra
791 2580 899 2642 Casan
927 2601 1029 2664 usque
1053 2581 1165 2645 feriam
1189 2593 1309 2642 sextam
1327 2578 1366 2640 ad
1385 2598 1495 2661 pacem

209 2704 276 2753 est
304 2701 444 2771 recepta.

341 2795 417 2856 item
524 2807 633 2855 contra
658 2797 785 2855 Annam
810 2793 1002 2855 secundario
1033 2793 1146 2855 citatus
1170 2813 1236 2854 non
1261 2793 1454 2874 comparuit.

339 2900 416 2962 Item
450 2900 595 2962 Thomas
619 2914 729 2962 contra
754 2899 890 2963 Paulum
914 2898 1019 2980 primo
1041 2899 1153 2961 citatus
1175 2919 1240 2961 non
1263 2899 1454 2981 comparuit.

340 3006 417 3067 ltem
428 3026 521 3068 causa
534 3005 664 3088 Mathey
677 3005 788 3068 decani
806 3017 916 3067 contra
933 3004 1112 3066 iohannem
1130 3025 1230 3087 usque
1249 3004 1361 3066 feriam
1378 3017 1498 3066 sextam

212 3126 275 3176 est
301 3125 484 3194 prorogata.

340 3219 417 3280 Item
455 3219 565 3281 Petrus
597 3220 688 3300 niger
722 3237 825 3300 usque
857 3217 1038 3300 quindenas
1070 3217 1184 3279 Paulae
1215 3217 1299 3279 Xllll
1333 3217 1402 3280 flor.
1435 3216 1500 3279 sol-

215 3345 306 3388 vere
334 3324 440 3388 debet.

340 3430 418 3493 Item
436 3431 502 3492 Milr
520 3430 597 3492 feria
621 3444 708 3493 sexta
725 3443 813 3492 sexto
838 3450 932 3513 super
949 3449 988 3491 eo
1005 3429 1132 3510 jurabit,
1150 3429 1239 3512 quod
1256 3430 1323 3513 ipse
1341 3428 1498 3512 quasdam

218 3559 282 3602 res
305 3538 402 3600 Petro
426 3558 491 3600 non
514 3537 729 3601 subtraxisset.

342 3644 421 3705 ltem
453 3643 539 3705 idem
564 3644 630 3705 Mik
655 3657 764 3705 contra
785 3643 924 3705 eundem
949 3643 1063 3705 eodem
1089 3643 1140 3704 die
1157 3663 1252 3725 super
1276 3663 1316 3705 eo
1340 3643 1428 3706 solus
1452 3641 1500 3723 ju-

223 3751 327 3829 rabit,
352 3764 386 3812 ut
410 3751 477 3833 ipse
502 3769 635 3812 uxorem
660 3750 759 3833 ipsius
784 3750 867 3811 Petri
894 3769 959 3810 non
983 3750 1189 3813 verberasset.

342 3856 420 3918 ltem
445 3854 529 3918 idem
557 3869 666 3918 contra
690 3855 829 3917 eundem
856 3875 951 3938 super
968 3875 1006 3916 eo
1030 3855 1157 3937 jurabit,
1181 3855 1270 3937 quod
1295 3856 1361 3938 ipse
1386 3856 1427 3918 ad
1452 3856 1500 3917 in·

225 3962 456 4026 terficiendum
482 3962 596 4044 ipsum,
623 3959 752 4024 fratrem
773 3980 867 4023 suum
892 3981 956 4022 non
983 3961 1128 4023 misisset.

232 4181 333 4256 laria
361 4191 459 4254 sexta
487 4185 642 4273 proxima
670 4191 746 4272 post
775 4192 915 4254 octavas
943 4183 1022 4255 festi
1052 4181 1312 4272 Epiphaniarum
1350 4183 1485 4255 domini.

747 4332 813 4415 (14.
830 4335 999 4416 januarii).

342 4495 420 4556 ltem
446 4493 628 4577 Stephanus
652 4507 761 4555 contra
787 4493 873 4576 Span
898 4493 1003 4576 primo
1028 4494 1140 4555 citatus
1165 4511 1229 4554 non
1255 4493 1444 4574 comparuit.

341 4575 420 4662 item
456 4601 583 4662 Blasich
618 4615 648 4662 et
681 4600 857 4681 Gregorius
893 4614 1002 4663 contra
1038 4598 1189 4681 Magdich
1222 4612 1336 4661 octavo
1367 4597 1419 4661 die
1454 4617 1501 4659 re·

237 4707 453 4790 spondebant.

342 4813 421 4897 Item
439 4812 586 4876 Thomas
601 4825 711 4875 contra
737 4811 873 4878 Paulum
891 4813 1082 4877 secundario
1099 4812 1212 4877 citatus
1229 4832 1294 4879 aon
1312 4809 1502 4899 comparuit.
