3404 5362
604 345 691 402 Anno
714 338 806 419 1385.
832 374 872 384 -
896 354 946 401 10.
969 344 1080 402 martii.

320 554 397 615 Item
431 552 566 615 Cosmas
596 552 755 615 aurifaber
789 566 819 614 et
850 571 961 613 socrus
991 571 1048 613 sua
1087 566 1196 615 contra
1223 554 1335 616 Ewam
1368 569 1475 618 octavo

214 661 267 723 die
297 659 548 743 respondebunt.

320 766 398 828 Item
424 785 518 828 causa
543 764 653 827 Jacobi
678 778 788 826 contra
813 765 944 827 Petrum
968 765 1008 826 ad
1032 784 1145 847 pacem
1169 779 1217 828 est
1239 780 1379 850 recepta.

321 874 399 934 Item
428 892 522 934 causa
544 871 690 933 mulieris
713 871 831 933 Iwanie
863 885 973 934 contra
998 870 1175 950 Thomam,
1208 886 1324 935 octavo
1349 873 1401 934 die
1433 894 1477 935 re·

215 979 398 1061 spondebit.
427 978 506 1060 (sic).

322 1084 401 1146 Item
427 1103 521 1144 causa
546 1083 630 1144 Iwan
655 1095 764 1144 contra
788 1082 929 1161 Petrum,
954 1096 1069 1146 octavo
1094 1082 1146 1145 die
1170 1084 1389 1166 respondebit.

322 1191 399 1252 Item
425 1190 513 1251 Elias
536 1203 647 1252 contra
672 1187 802 1252 Mindof
823 1189 928 1271 primo
956 1190 1070 1251 citatus
1094 1209 1160 1279 nou
1185 1191 1377 1273 comparuit.

323 1296 400 1358 Item
426 1295 586 1377 Georgius
609 1294 849 1357 molendinator
866 1308 975 1358 contra
1000 1294 1181 1358 Iohannem
1202 1296 1346 1358 secundo
1370 1297 1480 1359 citatus

216 1423 282 1465 non
307 1402 496 1485 comparuit.

323 1507 401 1570 Item
427 1508 552 1570 Blasius
575 1521 681 1569 custos
705 1522 814 1569 contra
839 1507 975 1569 Paulum
1005 1506 1169 1569 literatum
1192 1508 1337 1570 secundo
1370 1509 1481 1571 citatus

216 1635 282 1677 non
308 1615 498 1697 comparuit.

324 1722 402 1783 Item
429 1721 558 1803 Hanym
580 1733 695 1781 octavo
712 1719 764 1781 dte
782 1739 877 1802 super
901 1739 940 1780 eo
959 1718 1087 1800 jurabit,
1112 1719 1199 1801 quod
1218 1721 1286 1804 ipse
1311 1721 1371 1783 tria
1389 1720 1481 1782 staria

216 1828 291 1889 salis
315 1827 354 1889 ad
380 1827 539 1908 quosdam
563 1827 663 1888 boves
686 1826 868 1888 communis
892 1825 1088 1908 expenderit.

324 1933 401 1994 Item
432 1933 597 1994 DIonisius
613 1931 807 1994 Biharuarad
833 1945 948 1993 octavo
973 1931 1025 1993 dIe
1057 1951 1152 2014 super
1177 1952 1216 1995 eo
1241 1931 1371 2014 jurabit,
1397 1932 1482 2015 quod

217 2042 257 2102 ab
282 2059 321 2101 eo
346 2039 506 2121 quandam
533 2038 645 2100 sellam
669 2053 699 2100 et
724 2037 849 2100 frenum
874 2058 909 2099 ac
933 2058 987 2100 sex
1011 2057 1125 2120 pensas
1141 2037 1350 2101 denariorum
1373 2059 1479 2122 respo·

217 2145 328 2207 Iiatum
355 2158 553 2227 receperunt.

415 2343 510 2418 Iena
540 2335 658 2417 sexta*
687 2348 841 2434 proxima
868 2353 945 2436 post
974 2347 1173 2418 dominicam
1202 2339 1309 2419 Oculi.

743 2504 808 2575 (10.
831 2502 955 2575 martii).

324 2640 403 2701 Item
428 2637 611 2700 Anthonius
634 2652 745 2701 contra
763 2637 940 2720 Georgium
958 2639 1064 2721 primo
1077 2640 1190 2703 citatus
1207 2659 1273 2703 non
1292 2642 1484 2725 comparuit.

323 2745 401 2807 Item
435 2743 598 2806 Corardus
630 2760 719 2807 sutor
750 2759 860 2808 contra
891 2746 1011 2808 Lucam
1044 2746 1207 2808 medIcum
1233 2747 1341 2829 primo
1374 2749 1486 2811 citatus

218 2870 283 2913 non
308 2850 497 2933 comparuit.

322 2954 399 3017 Item
429 2955 610 3038 Stephanus
633 2957 763 3038 seIIipar
787 2970 897 3019 contra
922 2958 1095 3020 Nicolaum
1119 2957 1277 3021 decanum
1301 2959 1411 3042 primo
1444 2962 1486 3023 ci·

217 3074 302 3123 tatus
326 3081 391 3123 non
416 3062 606 3144 comparuit.

323 3168 401 3230 Item
427 3166 603 3250 Gregorius
639 3168 817 3232 Chudauch
855 3184 964 3233 contra
996 3171 1109 3233 Raden
1142 3172 1247 3254 prImo
1271 3172 1388 3234 citatus
1421 3192 1485 3235 non

219 3275 410 3356 comparuit.

323 3380 401 3442 Item
428 3381 594 3444 Emericus
618 3402 751 3465 arcupar
775 3397 885 3445 contra
910 3383 1023 3445 Raden
1047 3383 1153 3466 primo
1175 3384 1289 3446 citatus
1313 3404 1380 3447 nou
1399 3404 1486 3447 com·

220 3485 335 3568 paruit.

322 3592 400 3653 Item
425 3593 508 3654 Rees
532 3606 640 3655 contra
666 3595 848 3677 Myklinum
873 3594 978 3677 prImo
1003 3595 1117 3656 citatus
1140 3614 1206 3658 non
1231 3596 1426 3677 comparuit.

323 3699 401 3761 Item
426 3719 519 3761 causa
545 3701 650 3762 Mikus
673 3701 854 3783 jobagionis
886 3701 984 3763 nostri
1015 3721 1051 3763 ac
1077 3702 1167 3764 Luka
1199 3702 1238 3763 de
1262 3702 1349 3783 Vgra
1374 3717 1487 3767 contra

218 3817 345 3866 nostros
368 3805 557 3887 jobagiones
581 3806 621 3867 ad
646 3807 742 3868 aliam
768 3806 880 3869 feriam
901 3821 1020 3868 sextam
1046 3820 1094 3869 est
1116 3820 1299 3890 prorogata,
1325 3807 1417 3889 quod
1434 3807 1488 3872 fiat

217 3907 340 3989 justicia
364 3911 432 3972 sine
456 3912 700 3993 prorogacione.

322 4015 400 4078 Item
433 4018 542 4079 Bartol
567 4031 598 4080 et
620 4017 797 4101 Gregorius
821 4031 931 4080 contra
965 4019 1144 4082 Iohannem
1175 4020 1339 4082 literatum
1371 4035 1488 4085 octavo

217 4120 269 4182 die
293 4123 545 4205 respondebunt.

326 4228 404 4290 Item
437 4229 597 4295 Wrouich
630 4245 739 4293 contra
772 4232 972 4295 Anthonium
1005 4233 1168 4295 literatum
1199 4232 1342 4295 secundo
1373 4232 1489 4295 citatus

217 4350 284 4393 non
312 4336 501 4415 comparuit.

324 4439 402 4500 Item
429 4441 555 4503 Mezera
585 4457 695 4504 contra
719 4442 894 4506 Bedicham
920 4445 1025 4526 prImo
1057 4444 1170 4506 citatus
1193 4464 1259 4506 non
1293 4447 1486 4529 comparuit.

324 4544 401 4606 Item
419 4566 512 4608 causa
530 4548 629 4610 Vorih
647 4562 756 4611 contra
776 4549 961 4632 Philippum
979 4550 1019 4612 ad
1037 4564 1185 4612 octavum
1203 4550 1289 4612 diem
1315 4551 1356 4613 ad
1375 4571 1487 4635 pacem

218 4662 266 4710 est
290 4664 426 4733 recepta.

323 4826 336 4855 *
355 4832 387 4880 Iu
406 4832 498 4897 origin.
518 4834 605 4885 tercia.
