3404 5362
593 322 793 403 Ann01376.
820 359 859 368 -
878 337 912 400 5.
936 324 1107 398 septembris.

263 435 269 438 -
279 435 469 440 --——---.
490 434 499 440 .
508 434 515 439 -
1380 428 1480 436 .-.-

327 538 403 599 Item
437 539 549 599 Marko
583 536 696 599 Putani
727 548 841 598 octavo
874 535 925 596 die
958 549 1067 597 contra
1092 535 1247 595 Iacobum
1279 533 1360 594 Bole
1391 552 1484 615 super

221 644 378 726 vituperia
401 664 458 726 per
481 646 588 727 ipsum
613 642 736 726 prolata
761 642 977 724 respondebit.

326 751 405 813 Item
430 770 509 812 uxor
534 751 637 812 Tadie
663 763 773 813 contra
804 750 1005 811 Anthonium
1034 748 1136 811 Reniz
1166 761 1280 809 octavo
1305 747 1357 808 die
1381 767 1414 808 se
1437 766 1483 807 se-

221 855 325 918 cunda
339 857 456 937 jurabit
469 857 596 918 racione
611 857 710 919 debiti
724 856 821 918 trium
834 875 1012 918 marcarum
1027 856 1145 936 quibus
1157 874 1214 916 sua
1230 852 1483 917 filiatenebatur.

325 964 402 1025 Item
428 963 505 1025 leria
530 963 627 1025 tercia
658 964 803 1045 proxima
829 961 957 1024 Gerdalr
981 982 1037 1044 per
1061 960 1263 1024 Clementem
1296 974 1327 1022 et
1349 957 1484 1021 luchech

222 1069 370 1129 atestabit
395 1068 425 1129 in
444 1088 494 1146 e0‚
520 1069 607 1150 quod
633 1070 698 1150 ipse
723 1089 798 1130 suos
815 1070 913 1130 boves
930 1068 962 1128 iu
979 1067 1117 1149 propriis
1141 1066 1285 1148 frugibus
1302 1065 1485 1127 invenisset.

326 1174 404 1235 Item
431 1174 588 1236 Parlcrius
619 1191 649 1236 et
677 1174 858 1257 Stephanus
890 1187 999 1236 contra
1032 1173 1140 1236 Lachk
1172 1173 1276 1255 primo
1301 1172 1387 1233 citati
1419 1190 1484 1233 non

220 1294 477 1361 comparuerunt.

326 1385 403 1448 Item
422 1386 596 1448 Budizlaus
612 1403 720 1449 contra
739 1387 940 1449 Demetrium
957 1386 1063 1470 primo
1081 1386 1194 1448 citatus
1210 1404 1275 1446 non
1293 1384 1484 1467 comparuit.

219 1603 316 1678 Feria
344 1614 442 1678 sexta
470 1609 627 1697 proxima
655 1616 732 1681 ante
769 1608 893 1680 festum
922 1608 1124 1680 Nativitatis
1157 1608 1301 1696 virginis
1328 1605 1486 1694 gloriose.

722 1765 765 1841 (5.
789 1761 972 1838 septembris).

324 1900 432 1962 Primo
469 1902 612 1963 Iwchech
649 1903 865 1984 carpentarius
903 1916 1013 1963 contra
1055 1899 1208 1982 Gyurgek
1252 1898 1485 1980 calcariparum

219 2008 324 2090 primo
348 2008 460 2068 citatus
486 2027 551 2070 non
575 2010 764 2090 comparuit.

326 2113 404 2175 Item
438 2114 568 2176 domina
594 2115 717 2197 Regina
750 2116 858 2177 relicta
882 2115 1011 2176 Andree
1036 2114 1138 2177 Kozel
1169 2130 1279 2176 contra
1304 2112 1486 2194 Georgium

217 2235 370 2283 sartorem
396 2237 426 2284 et
451 2221 645 2302 Gregorium
669 2236 782 2284 octavo
808 2221 860 2282 die
877 2221 1006 2282 racione
1030 2221 1210 2283 testamenti
1234 2239 1291 2303 per
1315 2219 1484 2281 dominam

219 2329 404 2389 KaterInam
429 2328 559 2406 conditi,
577 2329 721 2390 relictam
745 2328 884 2389 condam
903 2328 1031 2388 MartIni
1056 2327 1113 2388 lilii
1142 2326 1321 2409 Wlltouoy,
1345 2326 1486 2407 qualiter

217 2435 369 2514 premissa
394 2436 478 2495 bona
503 2435 561 2495 sibi
589 2436 655 2517 Ipse
680 2435 836 2496 Martinus
865 2434 1030 2514 legaverit,
1054 2432 1270 2515 respondebit.

323 2541 400 2601 Item
424 2540 607 2602 Anthemus
632 2541 779 2624 Zitarych
805 2554 914 2602 contra
933 2540 1062 2602 Petrum
1080 2539 1222 2601 Priorem
1246 2537 1352 2621 primo
1368 2537 1485 2600 citatus

218 2664 283 2705 non
309 2647 496 2727 comparuit.

323 2751 400 2813 Item
426 2772 519 2813 causa
544 2754 653 2814 Jacobi
679 2754 758 2815 Bole
790 2768 820 2816 et
852 2753 1016 2814 Benedicti
1049 2750 1204 2813 carnificis
1236 2763 1282 2812 est
1306 2769 1362 2832 per
1386 2751 1484 2813 Nico-

217 2857 302 2917 laum
329 2855 431 2917 lilium
456 2856 580 2919 Odolas
603 2859 642 2919 ad
668 2873 740 2920 octo
766 2860 833 2920 dies
857 2873 982 2941 recepta
1007 2859 1047 2920 ad
1072 2878 1195 2941 pacem.

322 2963 399 3023 Item
426 2964 606 3046 Stephanus
629 2967 766 3049 lapicida
791 2981 822 3028 et
845 2966 1000 3048 parlerius
1025 2980 1133 3028 contra
1158 2951 1267 3028 Lachk
1292 2977 1406 3027 octavo
1431 2964 1483 3026 die

219 3069 468 3150 respondebunt.

322 3175 400 3236 Item
425 3176 509 3238 Vido
534 3176 619 3240 filius
643 3181 752 3259 magni
781 3181 862 3264 Elye
894 3195 1003 3242 contra
1029 3179 1165 3242 Cursam
1189 3176 1483 3240 molendinatorem

216 3290 329 3339 octavo
354 3280 405 3341 die
429 3281 545 3362 jurabit
569 3285 636 3346 sola
661 3306 797 3367 persona
823 3288 907 3348 quta
934 3287 1032 3369 patris
1055 3285 1103 3346 sui
1128 3297 1367 3347 testamentum.

321 3386 399 3448 Item
425 3390 573 3470 magister
606 3391 724 3452 Paulus
756 3407 865 3454 contra
899 3394 1046 3454 Markum
1078 3391 1182 3452 lilium
1212 3388 1381 3452 Chernech
1406 3389 1483 3451 dicti

216 3488 317 3551 Putan
342 3506 455 3554 octavo
481 3495 530 3555 die
556 3498 762 3578 respondebit
786 3500 914 3561 racione
939 3498 1106 3560 cuiusdam
1131 3499 1234 3558 vitree.

318 3599 397 3660 Item
433 3601 722 3680 molendinatores,
759 3605 880 3685 primo:
922 3605 1121 3687 Stephanus,
1155 3603 1285 3682 Mark0,
1317 3602 1481 3664 Iohannes

215 3704 360 3784 claudus,
386 3705 497 3768 Cursa.

320 3811 396 3872 Item
429 3833 484 3894 per
516 3812 666 3892 judicem,
699 3814 817 3894 iuratos
845 3830 875 3878 et
906 3817 1089 3878 universam
1121 3815 1387 3877 communitatem
1421 3812 1482 3876 luit

215 3916 338 3978 editum
363 3932 393 3979 et
417 3920 604 3981 ordinatum
629 3921 710 3981 inter
727 3922 895 3984 dominum
923 3923 1188 3984 Bartholomeum
1211 3920 1424 4003 presbiterum
1441 3921 1482 3982 ab

214 4043 278 4084 una
303 4036 333 4084 et
358 4024 473 4106 Elyam
499 4024 601 4086 filium
626 4028 781 4106 Absorch‚
807 4029 894 4110 quod
912 4030 936 4091 si
962 4030 1101 4090 eundem
1120 4028 1288 4091 dominum
1311 4026 1483 4088 Bartholo-

215 4148 324 4190 meum
349 4144 403 4192 aut
426 4151 520 4192 suum
549 4130 677 4194 fratrem
709 4154 764 4194 seu
798 4135 962 4197 hominem
988 4136 1157 4197 offenderit
1188 4134 1285 4196 armis
1308 4134 1359 4194 vel
1384 4131 1482 4213 facto,

214 4247 245 4295 et
268 4234 328 4295 hoc
353 4237 554 4318 comprobari
579 4240 695 4319 poterit
726 4260 799 4301 cum
824 4242 949 4304 duabus
974 4241 1145 4323 condignis
1165 4241 1321 4324 personis,
1347 4259 1483 4302 manum

214 4340 337 4401 amittat
360 4341 429 4423 ipso
455 4341 548 4406 lacte.

320 4447 507 4510 Itemcausa
540 4449 631 4511 Pauli
663 4451 818 4513 carnificis
849 4469 878 4515 et
914 4454 1105 4537 Mosnarych
1141 4468 1187 4515 est
1209 4473 1266 4536 per
1298 4451 1485 4516 Iohannem

215 4549 310 4612 Iofan
334 4552 372 4613 ad
399 4568 471 4615 octo
497 4556 564 4616 dles
589 4571 714 4638 recepta
740 4559 779 4618 ad
804 4579 927 4641 pacem.

322 4657 400 4719 Item
426 4660 501 4740 quia
526 4661 623 4722 luana
641 4663 755 4723 mulier
778 4679 886 4725 contra
912 4664 1105 4745 GregorIum
1129 4665 1232 4726 filium
1257 4664 1376 4726 chhk
1405 4685 1484 4727 con-

216 4763 318 4825 civem
344 4779 489 4827 nostrum
514 4782 544 4828 et
569 4787 658 4828 suam
684 4788 817 4829 uxorem
837 4770 868 4829 in
886 4771 1071 4833 testimonio
1095 4772 1251 4854 premisso
1275 4771 1404 4832 racIone
1422 4770 1483 4835 do·
