3404 5362
585 325 787 407 Anno1384.
811 363 854 373 —
877 324 929 390 18.
953 329 1122 389 novembris.

852 435 951 441 .——-·-
971 435 1119 441 -—-
1131 435 1135 439 -
1147 435 1476 442 ——-

256 568 438 640 Sabbatum
467 569 655 656 proximum
683 574 762 658 post
785 567 907 639 festum
935 566 1025 638 beati
1055 567 1192 638 Martini
1222 567 1435 640 confessoris.

704 716 769 799 (12.
800 720 983 793 novembris).

322 858 401 922 Item
426 861 514 942 quod
543 860 619 942 quia
651 880 745 923 causa
778 860 898 943 stycb
932 858 1018 941 Span
1051 873 1082 922 et
1114 859 1224 921 Jacobi
1258 858 1407 940 pellificis
1429 879 1481 942 per

216 965 375 1046 quosdam
408 966 558 1048 antiquos
590 965 711 1046 judIces
742 967 787 1028 sic
818 965 928 1028 fuisset
960 965 1160 1044 adiudicata‚
1186 964 1273 1046 quod
1306 965 1482 1028 antedictus

215 1071 301 1153 Span
324 1072 413 1133 solus
437 1086 550 1134 octavo
575 1072 625 1134 die
649 1072 865 1154 juramentum
890 1085 1029 1154 prestare
1047 1072 1153 1151 debet,
1178 1071 1267 1154 quod
1292 1071 1360 1155 ipse
1384 1071 1481 1134 nichil

215 1177 404 1260 suscepisset
439 1177 477 1240 de
501 1179 669 1240 solucione
692 1178 835 1262 predicte
860 1192 1040 1240 manstruce
1076 1197 1134 1239 nec
1158 1198 1176 1239 a
1200 1178 1333 1257 Iacobo,
1358 1197 1417 1240 nec
1441 1179 1478 1239 ab

214 1283 326 1365 aliquo
350 1283 433 1361 aIio;
468 1303 485 1345 e
516 1303 672 1346 converso
704 1284 791 1347 aliud
823 1283 1040 1366 juramentum
1072 1283 1168 1346 habet
1197 1283 1360 1366 predictus
1393 1283 1477 1367 Span

213 1409 309 1472 super
332 1409 383 1469 eo,
399 1403 554 1473 quantum
579 1404 777 1453 constassent
800 1391 906 1474 ipsum
929 1390 1030 1473 pelles
1055 1403 1086 1453 et
1109 1390 1210 1453 labor.

348 1624 446 1700 Feria
469 1637 568 1700 sexta
596 1632 751 1718 proxima
779 1638 857 1702 ante
884 1629 1008 1702 festum
1036 1630 1132 1701 beate
1160 1626 1343 1701 Elisabeth.

713 1779 777 1860 (18.
809 1785 993 1861 membris).

322 1921 400 1984 Item
425 1922 489 1984 Res
513 1934 623 1985 contra
648 1923 786 1985 Peterlin
812 1937 926 1987 octavo
951 1923 1004 1985 die
1029 1922 1222 2007 respondere
1246 1921 1353 1986 debet.

321 2028 398 2089 Item
425 2028 569 2110 Philipus
593 2029 678 2092 filius
702 2030 802 2093 Viacli
826 2044 937 2093 contra
961 2031 1170 2092 Valentinum
1195 2029 1360 2091 Malenich
1377 2029 1481 2112 primo

217 2135 330 2197 citatus
354 2154 418 2195 non
443 2137 633 2217 comparuit.

321 2240 398 2303 Item
424 2239 602 2303 Hanslinus
626 2241 766 2304 carnifex
802 2256 911 2305 contra
943 2243 1113 2305 Lucasium
1139 2241 1303 2303 medicum
1342 2240 1484 2303 secundo

216 2347 329 2409 citatus
354 2367 418 2408 non
448 2349 637 2429 comparuit.

322 2453 401 2514 Item
434 2474 527 2515 causa
560 2455 708 2536 Gregorii
740 2457 915 2519 sacerdotis
946 2470 1055 2518 contra
1088 2455 1248 2516 Dikauatn
1272 2455 1410 2517 omnino
1445 2454 1484 2515 ad

216 2572 364 2620 octavum
390 2559 475 2620 diem
501 2573 548 2621 est
572 2574 752 2644 prorogata.

322 2665 399 2726 Item
415 2664 576 2747 Georgius
599 2681 700 2729 sartor
725 2682 835 2731 contra
854 2668 1019 2730 Andream
1043 2667 1149 2751 primo
1173 2667 1288 2729 citatus
1304 2686 1372 2728 non
1397 2686 1484 2729 com-

216 2771 331 2854 paruit.

322 2878 400 2941 Item
433 2877 597 2941 Iohannes
620 2898 720 2961 nepos
744 2878 885 2942 custodis
917 2893 1026 2942 contra
1051 2879 1199 2962 Peterlyn
1232 2880 1338 2962 primo
1371 2880 1486 2942 citatus

218 3004 283 3047 non
313 2987 502 3068 comparuit.

325 3091 403 3153 Item
429 3091 575 3175 Mathyas
591 3105 701 3155 contra
726 3092 864 3154 eundem
881 3093 1032 3176 Peterlyn
1056 3093 1160 3175 primo
1182 3092 1295 3155 citatus
1313 3112 1379 3154 non
1397 3111 1485 3155 com·

219 3197 334 3279 paruit.

323 3302 400 3365 Item
431 3304 607 3385 Gregorius
638 3303 800 3366 aurifaber
831 3325 887 3387 per
915 3305 1102 3389 Gyaninum
1134 3304 1273 3387 juratum
1298 3319 1329 3368 et
1353 3306 1485 3368 Petrum

216 3422 375 3493 sartorem⁸
396 3423 510 3472 octavo
535 3410 588 3473 die
612 3410 673 3473 hoc
698 3412 857 3491 atestabit‚
885 3411 973 3494 quod
1005 3413 1110 3495 ipsum
1137 3411 1299 3474 Iohannes
1323 3413 1485 3475 Praudich

217 3515 437 3598 vituperasset.

322 3621 401 3683 Item
425 3620 587 3682 Iohannes
610 3635 700 3684 sutor
723 3636 833 3686 contra
863 3624 999 3687 Paulum
1031 3625 1177 3687 similiter
1200 3639 1342 3687 sutorem
1368 3639 1484 3688 octavo

217 3726 269 3789 die
294 3727 508 3811 respondebit.

322 3834 401 3896 Item
429 3853 523 3896 causa
546 3835 650 3918 Frych
676 3836 829 3899 aurifabri
854 3853 964 3901 contra
990 3839 1125 3900 Paulum
1157 3853 1297 3901 sutorem
1324 3840 1364 3900 ad
1390 3841 1483 3922 quiu-

219 3938 318 4002 denas
341 3954 388 4002 est
411 3956 592 4023 prorogata.

323 4045 401 4108 Item
426 4066 520 4109 causa
544 4047 663 4131 Philipi
694 4049 851 4132 Iucifiguli
883 4067 992 4115 contra
1021 4052 1202 4113 Iohannem
1233 4050 1417 4114 carnificem
1444 4053 1483 4114 ad

216 4163 365 4213 octavum
391 4152 476 4214 diem
502 4152 542 4214 ad
567 4173 679 4236 pacem
704 4170 751 4217 est
775 4171 911 4239 recepta.

323 4256 401 4319 Item
426 4278 520 4320 eausa
545 4259 630 4321 Iwan
655 4260 793 4340 juratum
819 4278 928 4324 contra
953 4264 1133 4325 Iohannem
1163 4263 1372 4346 respondebit
1400 4267 1483 4349 (sic).

322 4362 400 4425 Item
425 4365 581 4427 Martinus
598 4382 706 4429 contra
724 4368 935 4431 Benedictum
952 4372 1056 4452 primo
1075 4371 1188 4432 citatus
1205 4390 1269 4432 non
1287 4373 1482 4455 comparuit.

320 4469 399 4532 Item
423 4471 574 4554 Bedycha
603 4471 742 4534 carnifex
767 4490 876 4537 contra
901 4477 1071 4538 Nicolaum
1096 4476 1137 4538 de
1162 4476 1308 4560 Lipouch
1333 4478 1482 4540 secundo

216 4587 330 4637 citatus
354 4596 420 4637 non
444 4578 635 4660 comparuit.

321 4682 400 4744 Item
424 4703 517 4745 causa
536 4684 642 4746 Mathe
659 4698 770 4747 eontra
788 4686 951 4749 Thomam
969 4689 1008 4751 ad
1033 4702 1183 4750 octavum
1201 4689 1285 4752 dlem
1312 4689 1353 4750 ad
1370 4710 1482 4770 pacem

217 4802 263 4849 est
291 4800 426 4870 recepta.
