3404 5362
669 310 755 368 Anno
779 304 869 385 1376.
894 342 935 352 —
960 305 1009 368 16.
1033 309 1194 369 decembris.

754 468 765 493 .

406 519 484 581 Item
508 538 589 580 uxor
617 519 763 602 Dyonisii
786 519 903 580 sutoris
926 532 1036 582 contra
1060 519 1189 581 Petrum
1220 521 1420 584 sacerdotem
1455 537 1571 585 octavo

301 623 353 686 die
378 624 495 705 jurabit
518 644 613 706 super
637 644 675 686 eo
699 645 731 685 se
755 625 851 687 tercia
876 637 911 687 ut
933 623 1038 707 ipsum
1062 645 1128 687 non
1153 625 1391 709 vituperaverit.

407 730 486 793 Item
510 729 663 792 Nicolaus
687 744 797 793 contra
814 730 1015 814 Mychaelem
1031 732 1136 813 primo
1161 732 1275 794 citatus
1292 752 1357 794 non
1375 735 1567 815 comparuit.

409 837 486 898 Item
512 855 605 897 causa
630 836 756 898 Nicolai
781 836 905 899 Odolas
929 851 960 899 et
975 837 1137 899 Valentini
1162 851 1209 901 est
1233 858 1290 921 per
1314 838 1473 901 Jacobum
1491 839 1570 902 Bole

302 943 342 1007 ad
367 958 440 1005 octo
465 943 533 1005 dies
557 956 683 1025 recepta
707 942 747 1004 ad
772 961 895 1025 pacem.

406 1050 485 1112 Item
508 1050 619 1111 Petrus
644 1049 817 1130 Hungarus
849 1062 959 1111 contra
983 1049 1099 1111 Paulas
1130 1062 1245 1113 octavo
1269 1050 1321 1113 die
1346 1052 1568 1133 respondebit.

411 1155 489 1217 Item
514 1154 676 1218 lohannes
700 1155 825 1217 institor
856 1169 965 1218 contra
990 1155 1169 1217 Iohannem
1198 1157 1297 1218 Pazar
1319 1158 1426 1240 primo
1455 1158 1570 1220 citatus

301 1280 368 1322 non
392 1261 581 1344 comparuit.

408 1365 485 1428 Item
510 1367 623 1428 Marko
655 1365 740 1429 filius
772 1366 929 1429 Gemzine
960 1379 1070 1429 contra
1094 1369 1183 1429 Akus
1215 1368 1320 1451 primo
1356 1369 1471 1431 citatus
1504 1389 1570 1431 non

302 1471 493 1554 comparuit.

406 1575 506 1640 Nota!
546 1577 635 1659 quod
672 1578 747 1659 quia
784 1577 926 1639 secundo
966 1577 1017 1640 die
1056 1576 1127 1641 Iesti
1160 1579 1398 1662 Concepcionis
1433 1581 1568 1663 virginis

305 1683 405 1746 Marie
430 1683 607 1767 Gregorius
638 1696 669 1745 et
700 1683 818 1746 Paulus
848 1683 904 1745 lilii
938 1684 1029 1746 Pauli
1061 1684 1100 1746 de
1126 1684 1261 1748 Croacia
1294 1686 1327 1747 in
1351 1686 1460 1763 domo⁴
1485 1688 1570 1750 Petri

305 1791 421 1854 sutoris
445 1790 586 1853 concivis
616 1790 726 1869 nostri,
759 1790 828 1871 ipso
860 1789 949 1851 domi
982 1809 1047 1851 non
1079 1791 1243 1871 existente,
1276 1792 1518 1855 descendissent
1541 1808 1571 1856 et

306 1896 464 1980 quosdam
489 1895 568 1958 cifos
592 1909 759 1977 argenteos
786 1895 1011 1977 perdidissent,
1043 1897 1213 1979 ipsumque
1247 1898 1378 1961 Petrum
1412 1900 1573 1984 inculpas-

308 2016 389 2082 sent,
420 2002 609 2084 quiquidem
641 2001 752 2063 Petrus
776 2001 861 2062 iuxta
894 2000 1030 2063 formam
1063 2018 1169 2064 nostre
1201 2002 1454 2084 adjudicationis
1478 2024 1573 2088 super

310 2109 460 2194 predictis
484 2107 550 2171 cifis
574 2108 745 2170 duodecim
769 2109 915 2190 personis
938 2109 1075 2191 prestitit
1097 2124 1344 2174 sacramentum.

410 2213 487 2276 Item
512 2213 687 2296 predictam
713 2213 839 2274 vineam
864 2213 1006 2294 magistri
1025 2213 1115 2275 Pauli
1140 2214 1395 2295 adjudicavimus
1419 2215 1572 2277 Markoni

305 2318 532 2404 possidendam
564 2332 595 2382 et
622 2318 862 2400 ligonizandam
894 2338 967 2380 cum
999 2338 1055 2380 sua
1080 2320 1173 2381 vines
1205 2320 1245 2383 ad
1269 2320 1400 2383 XXVIII
1424 2321 1571 2403 ligones;

304 2428 406 2510 Ipsam
441 2439 548 2487 autem
583 2445 711 2487 causam
744 2425 829 2486 idem
862 2425 1012 2505 magister
1036 2425 1155 2488 Paulus
1186 2426 1226 2488 ad
1261 2427 1412 2509 antiquos
1443 2426 1567 2508 judices

305 2531 489 2614 appellavit,
511 2549 573 2613 que
598 2544 644 2593 est
667 2531 772 2592 vicina
795 2531 889 2593 vinee
913 2531 1056 2613 predicto
1081 2532 1239 2595 Markoni.

413 2636 492 2697 Item
516 2655 609 2696 causa
633 2656 695 2716 que
721 2637 853 2697 vertitur
884 2637 967 2699 inter
992 2639 1139 2699 Markum
1170 2637 1274 2700 filium
1299 2638 1468 2703 Chernecb
1494 2641 1572 2704 dicti

306 2742 409 2804 Putan
433 2754 465 2802 et
489 2741 677 2823 magistrum
710 2741 845 2803 Paulum
877 2743 1006 2804 racione
1036 2743 1203 2806 cuiusdam
1227 2745 1332 2826 vinee,
1364 2746 1502 2808 eandem
1526 2748 1573 2809 vi·

309 2866 404 2909 neam
427 2846 514 2929 juxta
538 2844 674 2908 formam
699 2867 827 2908 suarum
844 2848 1009 2911 literarum
1029 2869 1168 2912 unacum
1184 2871 1241 2913 sua
1258 2852 1350 2914 vInea
1374 2853 1415 2914 ad
1440 2853 1572 2915 XXVIII

305 2953 431 3035 ligones
454 2952 694 3035 lIgonizandam
718 2954 861 3037 predicto
887 2957 998 3017 Msrko
1027 2956 1300 3035 adiudicavimus3
1334 2960 1436 3042 ipsam
1460 2975 1570 3023 autem

307 3079 435 3122 causam
458 3059 621 3142 predictus
645 3060 794 3141 magister
819 3061 935 3123 Paulus
954 3061 994 3123 ad
1018 3062 1169 3144 antiquos
1193 3063 1314 3144 judices
1338 3065 1525 3149 appellavit.

413 3165 492 3227 Item
526 3165 634 3227 Sibich
667 3179 776 3227 contra
809 3166 1011 3229 Clementem
1051 3181 1192 3231 sutorem
1224 3185 1338 3233 octavo
1371 3171 1424 3234 die
1456 3171 1576 3253 jurabit

309 3273 405 3336 super
429 3254 577 3337 expensis
601 3254 727 3316 medico
750 3254 850 3332 datis;
878 3256 945 3337 ipse
976 3269 1085 3318 autem
1109 3256 1263 3321 Clemens
1292 3259 1437 3343 predicto
1463 3260 1576 3324 Sibich

308 3360 387 3423 duas
411 3379 544 3440 marcas,
568 3360 666 3440 judici
692 3360 832 3422 mediam
856 3362 1009 3424 exsolvet.

388 3575 484 3651 Feria
513 3580 620 3651 tercia
648 3583 804 3670 proxima
832 3588 909 3669 post
937 3581 1059 3654 festum
1087 3584 1183 3655 beate
1216 3585 1313 3658 lucie
1340 3586 1495 3676 vlrginis.

809 3731 873 3807 (ro.
898 3734 1074 3812 decembris).

414 3871 523 3934 Primo
558 3870 735 3953 Gregorius
765 3873 882 3955 Angeli
922 3895 977 3957 per
1008 3875 1218 3939 Salomonem
1254 3892 1285 3939 et
1315 3897 1407 3939 suam
1441 3897 1577 3942 uxorem

309 3991 419 4041 contra
445 3977 618 4061 Gyungam
651 3979 846 4059 penesticam
878 3981 983 4063 primo
1015 3984 1173 4063 atestabit,
1206 3985 1294 4067 quod
1319 4003 1409 4046 suam
1442 4004 1577 4048 uxorem

310 4085 416 4147 verbis
440 4085 588 4168 turpibus
612 4083 777 4163 affecisset,
802 4085 922 4148 ibidem
953 4089 1100 4150 atestabit
1123 4110 1180 4171 per
1202 4091 1312 4174 Voryh
1337 4104 1368 4154 et
1392 4090 1576 4154 Corardum

309 4205 465 4270 sutorem,
489 4189 578 4272 quod
604 4190 709 4272 ipsum
735 4190 883 4253 similiter
910 4193 1135 4275 vituperasset;
1160 4196 1281 4258 ibidem
1306 4195 1505 4278 Dragozlaus
1529 4195 1577 4276 ju·

309 4309 395 4359 ratus
417 4317 475 4380 per
500 4297 630 4359 eosdem
648 4297 759 4379 Voryh
783 4296 917 4380 figulum
935 4313 966 4361 et
984 4298 1165 4363 Corardum
1181 4301 1338 4381 atestabit,
1364 4301 1451 4384 quod
1470 4301 1576 4384 ipsum

307 4402 456 4465 similiter
479 4403 698 4485 vituperasset.

416 4508 493 4570 Item
519 4509 680 4572 lohannes
697 4509 786 4573 faber
809 4524 920 4574 contra
937 4512 1133 4575 Peterlinum
1159 4515 1263 4597 prImo
1282 4514 1401 4597 judicio
1426 4515 1579 4579 atestabit

308 4634 365 4698 per
390 4616 572 4679 Emericum
610 4637 799 4698 arcuparum
833 4632 865 4680 et
889 4618 1090 4702 Mychaelem
1121 4619 1251 4684 fratrem
1282 4641 1375 4684 suum
1400 4641 1498 4705 super
1523 4643 1578 4703 eo,

290 4721 397 4803 -quod
422 4722 487 4804 ipse
511 4741 601 4784 suam
625 4742 748 4784 socram
773 4737 804 4785 et
827 4743 960 4786 uxorem
983 4726 1117 4810 turpiter
1140 4729 1345 4791 verberasset.
