3404 5362
601 349 689 407 Anno
712 356 799 423 1375.
825 381 864 389 —
890 358 939 424 27.
964 349 1074 407 martii.
1439 367 1474 428 13

314 557 393 619 Item
418 577 512 620 causa
538 558 666 620 MartIni
698 571 729 620 et
748 557 932 619 Salomonis
963 558 1073 620 estad
1106 571 1179 620 octo
1204 558 1272 620 dies
1296 577 1352 640 per
1382 572 1477 620 testes

211 676 336 746 recepta
361 664 401 725 ad
426 685 549 746 pacem.

315 771 394 832 Item
408 768 551 833 Gerdine
568 785 677 833 contra
697 771 907 833 Salomonem
920 771 1063 834 secundo
1076 772 1190 834 citatus
1209 792 1273 834 non
1287 773 1477 856 comparuit.

313 876 394 938 Item
418 897 513 939 causa
538 877 668 939 Martini
692 890 724 939 et
748 876 902 960 alteri(us)
934 878 1065 940 Martini
1089 892 1136 941 est
1166 878 1207 939 ad
1231 879 1371 961 prImum
1396 879 1478 961 judi-

212 982 296 1044 cium
320 1002 378 1064 per
401 982 520 1064 juratos
543 996 715 1066 prorogata
740 983 772 1044 in
793 983 924 1066 Iegistro
947 1004 1003 1066 per
1020 984 1124 1066 ipsum
1150 985 1322 1048 Martinam
1346 1005 1477 1068 carpen-

209 1088 324 1149 tarium
349 1109 503 1172 expensas
527 1089 738 1152 ostendendo.
1204 1158 1218 1183 ο

315 1195 394 1259 Item
418 1196 496 1259 Iuan
530 1197 720 1259 Sebestiano
751 1195 849 1278 judici
875 1197 907 1259 in
939 1197 1112 1278 quindenis
1141 1212 1279 1279 quatuor
1302 1217 1423 1260 marcas
1447 1212 1478 1261 et

210 1301 306 1383 judici
331 1323 431 1365 unam
454 1303 578 1366 solvere
603 1303 699 1364 debet
723 1323 781 1385 pro
806 1323 856 1383 eo,
881 1304 957 1385 quia
975 1304 1081 1386 ipsum
1106 1303 1138 1365 in
1162 1317 1271 1365 nostra
1295 1304 1370 1366 sede
1394 1303 1476 1386 judi-

210 1409 304 1472 ciaria
328 1410 549 1492 vituperasset.

314 1516 393 1578 Item
418 1517 586 1580 Elizabeth
611 1530 724 1579 octavo
748 1517 800 1578 die
823 1536 857 1577 se
874 1530 986 1598 quarta
1005 1515 1123 1598 jurabit
1141 1517 1172 1577 ln
1191 1536 1241 1596 eo,
1265 1516 1353 1598 quod
1370 1516 1478 1579 literas

212 1618 290 1682 lalso
315 1622 415 1685 modo
440 1637 471 1686 et
495 1623 682 1705 nequiciose
708 1643 773 1684 non
798 1636 1008 1704 procurasset.

313 1728 394 1789 Item
419 1729 538 1791 Paulus
561 1730 704 1791 literatus
727 1749 761 1790 se
784 1729 944 1791 secundus
960 1728 1077 1810 jurabit
1094 1730 1125 1791 In
1143 1749 1193 1808 eo,
1218 1730 1306 1811 quod
1325 1730 1390 1812 ipse
1409 1731 1476 1793 Eli·

211 1834 322 1897 zabeth
348 1836 390 1896 ob
415 1833 558 1896 favorem
584 1836 616 1896 In
641 1833 722 1897 falso
745 1835 846 1897 modo
869 1835 977 1897 literas
1001 1855 1066 1896 non
1090 1836 1275 1918 scripsisset.

314 1941 394 2002 Item
419 1941 588 2003 Elizabeth
605 1954 719 2004 octavo
744 1942 795 2002 die
820 1961 876 2023 per
895 1942 1074 2019 Marenum,
1095 1941 1255 2004 Janchech
1279 1941 1476 2005 aurifabrum

212 2060 240 2107 et
262 2047 443 2109 Francham
463 2048 686 2110 testImonium
709 2048 875 2130 producet,
899 2047 987 2128 quod
1012 2047 1079 2129 ipsa
1104 2067 1177 2109 cum
1201 2068 1260 2111 sno
1286 2050 1400 2111 marito
1418 2070 1476 2132 pro
1560 2063 1563 2069 ’

213 2166 348 2233 quatuor
372 2155 486 2216 marcis
509 2153 715 2216 denariorum
740 2154 904 2235 quandam
928 2153 1062 2215 domum
1095 2175 1113 2215 a
1138 2154 1281 2236 Georgio
1305 2156 1396 2218 Plath
1421 2176 1476 2218 vo·

214 2272 279 2321 cato
304 2260 391 2322 iuxta
415 2274 540 2342 portam
565 2259 750 2323 carnificum
774 2273 998 2342 comparasset.

315 2365 395 2427 Item
418 2366 675 2449 adjudicavimus
699 2366 866 2429 Elizabeth
897 2365 1040 2448 predicte
1064 2367 1195 2428 terciam
1227 2381 1349 2449 partem
1373 2368 1477 2448 vinee,

215 2490 273 2551 que
298 2472 438 2534 condam
462 2471 586 2555 (ipsIus)
611 2473 716 2534 mariti
741 2471 870 2534 Thorna
894 2473 1010 2551 vocati,
1033 2474 1158 2553 sutoris,
1183 2472 1303 2538 luisset.

216 2670 306 2746 Ieria
322 2678 430 2747 tercia
449 2678 604 2766 proxima
619 2685 696 2765 post
714 2675 838 2748 festum
854 2673 1137 2747 hnnuncitrcionis
1156 2676 1300 2764 virginis
1319 2676 1476 2764 gloriose.

738 2830 801 2907 (27.
826 2829 948 2896 martii).

316 2970 426 3033 PrImo
450 2990 544 3032 causa
569 2970 694 3032 Nicolai
718 2968 775 3031 filii
793 2969 883 3031 Pauli
901 2969 941 3030 de
959 2968 1113 3031 Orbouch
1130 2982 1162 3031 et
1178 2969 1310 3032 domiue
1334 2974 1477 3051 Agnesse

218 3076 320 3139 relicte
344 3078 415 3138 Elie
439 3077 621 3140 stacionarii
647 3089 693 3139 est
716 3076 756 3138 ad
780 3075 921 3159 primum
945 3074 1102 3157 judicium
1126 3089 1306 3158 prorogata.

317 3183 397 3246 Item
421 3184 615 3246 Benedictus
637 3182 721 3245 filius
739 3181 892 3264 Stephani
914 3196 1022 3244 contra
1041 3180 1205 3243 Geninutn
1229 3184 1333 3264 prImo
1357 3182 1477 3264 judicio

219 3307 267 3370 per
290 3289 425 3352 Inanum
439 3289 556 3373 Brayse
581 3302 612 3352 et
636 3289 806 3351 Lucasium
824 3288 927 3349 filium
940 3286 1062 3369 Miclyn
1086 3289 1287 3370 approbabit,
1311 3289 1399 3371 quod
1417 3289 1477 3352 sibi

219 3393 245 3456 in
268 3396 482 3479 quadraginta
506 3396 632 3458 cubuIis
656 3395 722 3457 vini
746 3407 908 3458 teneretur
932 3393 971 3454 de
995 3394 1144 3475 terragio

317 3504 396 3565 Item
417 3523 511 3565 causa
543 3502 672 3564 Andree
703 3502 744 3565 de
776 3501 848 3584 Gay
876 3515 907 3563 et
942 3500 1096 3583 Gyurgek
1120 3514 1166 3562 est
1196 3521 1253 3583 per
1275 3502 1477 3564 Anthonium

219 3607 335 3671 lursich
362 3609 402 3671 ad
426 3607 540 3671 feriam
562 3623 683 3670 sextam
707 3608 879 3690 plusquam
902 3619 1070 3668 venturam
1095 3621 1221 3688 recepta
1245 3607 1285 3668 ad
1310 3627 1432 3689 pacem.

317 3716 398 3779 Item
421 3714 533 3778 fimum
566 3715 655 3798 quod
684 3715 791 3797 posuit
823 3713 984 3776 lohannes
1005 3714 1104 3776 Vasas
1137 3732 1232 3794 supra
1257 3713 1393 3776 domum
1425 3717 1477 3776 Jo-

220 3819 326 3884 hannis
351 3823 458 3900 Liber,
481 3834 626 3905 tempore
651 3822 760 3883 debito
778 3840 851 3882 curn
874 3819 1020 3902 gramina
1052 3832 1145 3881 erunt
1168 3819 1287 3898 vivida,
1318 3820 1478 3902 purgabit.

318 3929 397 3991 Item
427 3928 589 3991 Iohannes
620 3928 717 3991 Liber
749 3926 907 4010 Mychaeli
938 3926 1042 4009 jurato
1066 3925 1099 3987 in
1132 3924 1306 4006 quindenis
1340 3940 1479 4007 quatuor

220 4031 280 4099 flor.
309 4036 423 4098 solvet.

317 4144 397 4205 Item
421 4163 516 4206 causa
540 4141 711 4225 Dragozlai
736 4140 829 4222 jurati
856 4152 887 4202 et
907 4138 999 4202 Duch
1025 4152 1070 4201 est
1093 4158 1150 4220 per
1167 4138 1326 4201 Janchech
1351 4152 1382 4201 et
1399 4138 1478 4201 Gre-

219 4250 339 4325 gorium
364 4269 475 4312 voscar
499 4249 538 4312 ad
562 4248 702 4331 primum
727 4246 883 4328 judicium
907 4258 1032 4327 recepta
1056 4245 1096 4307 ad
1121 4265 1244 4329 pacem.

317 4355 398 4418 Item
421 4375 517 4418 causa
541 4355 613 4417 EIie
636 4368 667 4416 et
684 4352 813 4415 Torche
837 4366 884 4413 est
907 4352 947 4413 ad
965 4352 1105 4434 primum
1122 4351 1279 4433 judicIum
1296 4365 1476 4434 prorogata.

317 4463 398 4525 Item
422 4482 517 4524 causa
541 4459 649 4524 Sibich
674 4474 705 4521 et
729 4460 858 4521 Thome
882 4459 997 4520 sutoris
1021 4472 1068 4519 est
1095 4477 1151 4540 per
1177 4457 1361 4519 Ladislaum
1385 4457 1478 4538 tular,

220 4566 356 4632 Blasium
379 4581 522 4631 sutorem
544 4580 576 4630 et
598 4565 779 4628 Iohannem
807 4567 906 4628 Pazar
929 4577 1055 4647 recepta
1080 4565 1119 4625 ad
1144 4584 1266 4646 pacem.

318 4677 399 4740 Item
423 4673 583 4757 Georgius
608 4672 699 4736 Plath
723 4686 770 4734 est
793 4686 902 4734 contra
926 4670 1067 4751 judicem
1091 4671 1122 4732 in
1148 4671 1250 4732 tribus
1273 4670 1379 4752 pensis
1402 4689 1478 4731 con-

219 4782 315 4846 vIctus
345 4795 377 4845 et
406 4779 575 4844 Elizabeth
607 4799 698 4841 suam
729 4779 854 4861 glorem
892 4778 922 4838 in
955 4796 1005 4856 eo,
1037 4777 1125 4858 quod
1158 4776 1272 4838 lalsunr
1305 4777 1478 4839 terminum

218 4891 310 4952 astitit
333 4903 444 4952 contra
468 4887 615 4951 eandem.
