3404 5362
220 322 280 382 ¹04
608 301 696 359 Anno
721 312 807 377 1377.
833 332 873 343 -
897 296 928 358 6.
952 297 1081 358 octobris.

1128 402 1480 411 --—---——-..—....

322 514 398 577 ltem
425 533 518 575 causa
544 513 619 574 lvloz
636 525 666 573 et
683 510 765 594 Elye
789 509 879 593 parvi
897 522 943 571 est
965 508 1004 570 ad
1028 506 1141 571 feriam
1160 520 1281 570 sextam
1300 520 1482 590 prorogata.

322 620 401 682 ltem
426 600 589 681 thannes
614 617 768 679 Hermani
787 629 896 678 contra
922 614 1100 696 Georgium
1117 614 1261 676 secundo
1286 615 1402 676 citatus
1420 632 1484 675 non

215 727 406 811 comparuit.

322 835 400 895 ltem
426 832 606 914 Stephanus
631 844 740 893 contra
765 830 923 892 Marinam
948 827 1027 891 feria
1050 841 1137 890 sexta
1161 829 1381 912 respondebit.
1402 831 1405 836 ’

323 939 400 1001 ltem
426 939 579 1000 Nicolaus
604 937 752 999 Odolasii
777 951 886 999 contra
919 935 1098 1018 Georgium
1130 934 1269 1016 juratum
1295 935 1373 998 feria
1400 949 1485 997 serta

216 1067 301 1109 nunc
327 1058 459 1108 ventura
483 1065 515 1105 se
541 1057 672 1125 quartus
689 1043 806 1125 jurabit
823 1044 854 1104 in
879 1062 929 1122 en,
947 1042 1035 1123 quod
1059 1042 1125 1125 ipse
1143 1062 1160 1103 a
1178 1042 1323 1125 predicto
1341 1042 1486 1124 Georgio

217 1153 324 1234 plures
348 1152 488 1214 florenos
512 1151 552 1213 de
579 1151 634 1212 LX
659 1151 765 1212 minus
789 1164 928 1231 quatuor
964 1149 1094 1211 florenis
1118 1168 1183 1210 non
1208 1150 1403 1232 percepisset
1427 1149 1486 1210 nisi

218 1260 288 1321 flor.
312 1259 371 1320 XX
397 1258 503 1319 minus
526 1277 592 1319 uno
615 1256 750 1319 floren0.

325 1365 401 1426 Item
428 1365 540 1425 Marko
565 1363 678 1427 l'utani
704 1361 782 1424 feria
814 1379 900 1425 sexta
925 1361 1042 1442 jurabit
1066 1382 1098 1423 se
1123 1361 1241 1424 tercius
1264 1362 1294 1423 in
1321 1382 1373 1440 e0‚
1397 1360 1485 1443 quod

218 1473 285 1554 ipse
311 1471 473 1554 quendam
498 1472 614 1533 bovem
640 1471 873 1552 comparaverit
897 1470 1015 1531 inscius
1041 1469 1071 1531 in
1097 1470 1166 1552 ipso
1191 1469 1279 1551 quod
1305 1484 1388 1532 esset
1412 1471 1485 1532 sub-

221 1591 347 1641 tractus.

325 1685 404 1746 Item
428 1684 545 1767 Vydlro
570 1697 679 1746 contra
705 1683 847 1765 Hergam
878 1683 1033 1765 premisso
1066 1683 1251 1746 testimonio
1276 1682 1488 1764 solempniter

220 1791 384 1867 atestavit;
408 1804 439 1853 et
456 1810 548 1852 causa
567 1789 785 1872 ipsiusHergc
802 1789 905 1851 estad
931 1788 1042 1851 feriam
1060 1804 1179 1851 sextam
1205 1809 1290 1850 nunc
1314 1803 1485 1851 venturam

219 1910 401 1979 prorogata.

245 2098 340 2172 Feria
368 2109 467 2172 sexta
496 2102 649 2189 proxima
679 2107 753 2188 post
782 2100 903 2171 festum
932 2099 1021 2169 beati
1051 2099 1232 2188 llychaelis
1262 2099 1466 2188 archangeli.

748 2260 794 2332 (2.
817 2252 957 2328 octobris).

327 2394 433 2455 Primo
460 2394 650 2454 Benedictus
683 2393 767 2454 filius
791 2393 938 2473 Gregorii
972 2393 1010 2452 de
1037 2392 1185 2454 Pribizlai
1212 2392 1370 2454 Omnium
1397 2412 1487 2454 sanc·

219 2514 325 2561 torum
350 2513 464 2561 octavo
489 2499 541 2560 die
566 2513 675 2561 contra
693 2499 873 2560 Johannem
891 2498 1083 2560 familiarem
1109 2498 1231 2560 domini
1254 2498 1487 2582 archiepiscopi

219 2626 252 2667 se
277 2618 382 2666 sextus
406 2604 522 2683 jurabit
548 2606 577 2665 in
604 2626 654 2683 eo,
672 2605 760 2686 quod
785 2606 852 2688 ipse
876 2606 908 2666 in
932 2605 1054 2667 octavis
1071 2604 1141 2666 festi
1168 2606 1258 2666 beate
1284 2605 1488 2686 Margarethe

220 2710 353 2792 virginis
377 2729 462 2771 nune
487 2724 680 2772 transactum
707 2712 737 2772 in
771 2733 831 2795 vya
863 2712 991 2794 publica
1024 2712 1214 2794 reperiendo
1247 2710 1424 2794 depredare
1459 2724 1490 2774 et

220 2816 358 2898 spoliare
390 2816 553 2878 noluisset.

327 2923 405 2984 ltem
431 2924 569 2984 lacobus
593 2922 724 3004 pellifex
747 2924 882 2987 domino
900 2926 1036 2987 Micusio
1061 2945 1162 3006 usque
1187 2924 1302 2986 festum
1328 2925 1415 2987 beati
1432 2926 1491 2987 Ni·

223 3030 305 3093 colai
339 3029 531 3091 confessoris
562 3031 589 3091 X
622 3051 744 3093 marcas
779 3033 920 3094 exsolvet
951 3032 1085 3094 indilate
1116 3032 1171 3093 tali
1206 3030 1316 3111 mod0,
1341 3032 1432 3114 quod
1465 3034 1490 3095 si

221 3136 326 3217 ipsum
351 3136 524 3197 terminum
543 3137 708 3197 obmiserit
732 3137 762 3197 in
782 3137 949 3216 solvendo,
974 3138 1040 3199 sine
1058 3137 1173 3218 judicis
1189 3137 1355 3219 porcione,
1373 3138 1492 3222 duppli

221 3260 338 3323 penam
364 3241 512 3304 incurret.

326 3348 404 3410 ltem
429 3347 589 3429 Georgius
612 3349 732 3430 juratus
756 3369 847 3411 suam
872 3369 1000 3412 causam
1029 3363 1139 3413 contra
1164 3351 1337 3412 Nicolaum
1365 3349 1494 3413 Odolas

226 3453 265 3515 ad
290 3455 440 3536 antiquos
463 3455 585 3535 judices
608 3456 782 3539 appellavit
806 3455 845 3518 ad
870 3457 1036 3519 sabbatum
1062 3476 1148 3519 nunc
1173 3457 1355 3520 instantem.

291 3653 388 3729 Feria
415 3660 522 3730 tercia
550 3660 582 3729 in
611 3660 742 3730 octavis
770 3659 848 3730 festi
882 3659 970 3732 beati
999 3660 1180 3748 Mychaetis
1209 3661 1415 3749 archangeli.

745 3792 791 3873 (ό.
816 3793 961 3875 octobris.)

331 3916 438 3978 Primo
463 3915 636 3979 Chuethlro
661 3931 770 3980 contra
796 3919 924 3981 Petrum
949 3918 1054 4000 primo
1079 3918 1192 3980 citatus
1212 3938 1277 3980 non
1295 3922 1491 4003 comparuit.

330 4022 408 4084 ltem
433 4024 571 4085 Jacobus
595 4024 794 4107 Jaquethych
823 4025 958 4087 Paulum
984 4024 1109 4086 fabrum
1135 4026 1239 4107 prImo
1264 4026 1382 4089 citavit.

331 4129 408 4192 ltem
435 4130 552 4191 Paulus
576 4144 684 4192 contra
717 4130 897 4192 Johannem
929 4132 1034 4214 primo
1063 4132 1176 4194 citatus
1207 4151 1272 4193 non
1297 4137 1492 4217 comparuit.

330 4236 408 4297 ltem
432 4234 563 4298 domina
590 4236 789 4318 Margaretha
821 4238 930 4299 relicta
964 4237 1141 4300 sabastiani
1175 4252 1283 4300 contra
1315 4239 1490 4304 dominum

225 4340 405 4423 Georgium
421 4342 683 4405 archidiaconum
706 4343 745 4404 de
764 4343 889 4405 Zolnolr
914 4344 1018 4426 primo
1043 4345 1138 4406 citata
1162 4365 1225 4406 non
1252 4347 1444 4428 comparuit.

330 4447 409 4510 ltem
442 4448 528 4509 Elias
561 4447 722 4511 aurifaber
753 4462 862 4512 contra
902 4450 1089 4531 magistrum
1122 4451 1293 4512 Nicolaum
1326 4451 1492 4517 medicum

224 4554 365 4616 secundo
390 4555 503 4616 citatus
526 4575 593 4616 non
617 4557 808 4637 comparuit.

330 4659 407 4722 ltem
433 4661 507 4743 quia
532 4663 711 4724 Peterlinus
729 4662 872 4744 Georgio
897 4662 1001 4744 jurato
1019 4663 1085 4726 frlio
1104 4664 1259 4727 Hermoni
1285 4678 1395 4727 nostro
1413 4686 1490 4728 con·

224 4767 284 4828 civi
309 4768 366 4829 XL
391 4768 504 4829 marcis
528 4767 735 4831 denariorum
760 4770 860 4831 teneri
889 4773 1098 4850 asserebatur,
1122 4791 1199 4853 ergo
1223 4772 1249 4832 si
1274 4791 1377 4852 usque
1402 4772 1491 4836 diem
