3404 5362
469 95 671 175 Ann01382.
697 132 738 142 —
761 113 794 178 4.
809 100 893 175 julii.

57 308 158 371 douin
184 328 245 372 nec
275 310 376 372 dictas
407 309 642 392 quinquaginta
674 309 823 372 dominas
855 310 1048 372 concivium
1079 311 1188 375 statuit
1219 331 1324 394 neque

58 434 128 476 cum
155 404 270 497 viginti
295 416 439 498 quinque
464 435 573 478 earum
591 435 685 478 suum
709 414 926 497 juramentum
950 417 1097 479 debitum
1121 417 1270 500 deposuit
1291 430 1326 480 ut

59 520 207 583 debebat.

93 721 193 795 Faria
221 731 321 796 sexta
349 725 505 813 proxima
532 731 609 814 post
636 725 759 797 festum
786 724 963 797 beatorum
991 724 1083 797 Petri
1112 732 1146 798 et
1173 725 1270 797 Pauli

569 847 812 938 apostolorum.

608 1024 655 1098 (4.
679 1020 776 1095 sura·

161 1157 241 1220 ltem
274 1157 438 1221 lohannes
462 1159 559 1221 Liber
582 1172 615 1221 et
638 1158 798 1241 Georgius
826 1159 970 1221 literatus
994 1173 1105 1222 contra
1130 1160 1322 1222 MaurIcium

57 1264 160 1346 primo
189 1265 276 1327 citati
296 1284 361 1327 non
387 1279 645 1348 comparuerunt.

160 1371 239 1433 Item
264 1371 428 1434 lohannes
451 1373 548 1435 Liber
578 1386 688 1434 contra
712 1371 853 1452 judicem
877 1372 983 1453 primo
1007 1372 1121 1434 citatus
1145 1393 1210 1435 non
1235 1392 1322 1436 com-

57 1478 172 1559 paruit.

160 1583 240 1646 ltem
265 1584 463 1647 Laurencius
485 1583 607 1665 juratus
630 1602 686 1667 per
711 1582 889 1665 Georgium
912 1597 1067 1646 sartorem
1092 1597 1123 1646 et
1147 1585 1322 1647 Martinum

58 1687 250 1771 Hungarum
275 1691 308 1751 in
332 1691 438 1772 prImo
462 1689 584 1772 judicIo
601 1704 673 1773 post
695 1689 811 1752 festum
827 1703 935 1752 sancte
953 1691 1156 1774 Margarethe
1181 1691 1242 1753 hoc
1259 1705 1323 1753 ate-

58 1796 162 1874 stabit,
188 1795 277 1877 quod
300 1796 408 1879 ipsum
431 1797 589 1858 Martinus
613 1796 769 1880 Zekyrich
797 1796 1017 1879 vituperasset.

163 1901 241 1963 Item
265 1903 419 1984 magister
443 1901 619 1985 Gregorius
642 1903 816 1964 canonicus
839 1916 949 1965 contra
975 1903 1193 1985 Dragozlaum
1216 1902 1322 1986 primo

59 2005 171 2067 citatus
194 2025 260 2068 non
289 2008 481 2090 comparuit.

160 2111 239 2175 Item
256 2115 409 2196 magister
425 2114 601 2197 Gregorius
617 2115 790 2177 canonicus
807 2129 917 2177 contra
935 2114 1116 2197 Georgium
1140 2113 1322 2176 carnificem

57 2218 159 2299 primo
185 2219 298 2282 citatus
322 2239 389 2281 non
414 2221 602 2303 comparuit.

160 2324 239 2387 Item
271 2326 466 2390 Benedictus
497 2327 682 2408 Mosnarigh
714 2341 824 2389 contra
857 2326 1036 2409 Georgium
1066 2327 1173 2410 primo
1207 2326 1323 2389 citatus

59 2448 119 2492 non
153 2432 344 2515 comparuit.

161 2536 240 2599 Item
254 2538 387 2600 domina
400 2539 509 2602 relicta
522 2538 700 2600 Sebastiani
717 2551 832 2600 octavo
849 2539 901 2599 die
913 2558 1010 2621 super
1025 2558 1064 2601 eo
1084 2537 1215 2620 jurabit,
1233 2539 1322 2621 quod

58 2642 112 2705 sibi
138 2644 337 2707 Laurencius
367 2643 488 2727 juratus
519 2665 592 2707 cum
624 2645 885 2707 decimadimidia
908 2645 1022 2706 marcis
1056 2644 1184 2707 debitor
1215 2643 1321 2708 luerit.

159 2750 239 2813 Item
267 2751 381 2814 eadem
410 2751 543 2814 domina
574 2752 607 2813 iu
637 2752 752 2814 eodem
784 2764 899 2813 octavo
924 2752 976 2814 die
1008 2771 1104 2834 super
1130 2770 1169 2812 eo
1193 2749 1321 2832 jurabit,

59 2856 143 2936 quod
156 2857 226 2939 ipsa
239 2857 325 2919 dicto
343 2859 523 2921 Laurencio
540 2858 696 2940 quasdam
713 2856 900 2939 quindecim
917 2877 1040 2919 marcas
1056 2876 1122 2919 non
1139 2858 1321 2920 relaxasset.

157 2962 238 3025 Item
271 2983 365 3025 causa
398 2963 553 3055 Iohannis
584 2964 772 3046 carpentarii
806 2977 915 3026 contra
948 2964 1123 3025 Martinum
1156 2977 1321 3046 carpenta·

57 3067 135 3130 rium
159 3067 202 3130 ad
224 3069 366 3152 primum
389 3069 545 3151 judicIum
569 3069 610 3132 ad
633 3090 747 3152 pacem
771 3085 817 3131 est
841 3083 977 3152 recepta.

158 3173 239 3237 Item
262 3174 355 3238 nota!
385 3177 474 3257 quod
505 3176 681 3239 Katherina
713 3177 822 3239 relicta
855 3177 1020 3239 Benedicti
1053 3177 1093 3239 de
1119 3176 1321 3256 Grachchan,

57 3278 160 3342 Eudre
184 3279 289 3342 filium
321 3282 448 3344 Iwanka
480 3302 575 3365 super
606 3266 835 3345 interfeccione
866 3302 923 3344 seu
955 3297 1059 3345 morte
1092 3283 1227 3366 predicti
1260 3284 1320 3345 viri

59 3385 129 3449 dicti
155 3388 262 3449 mariti
286 3389 335 3450 aui
360 3389 492 3471 reliquit
515 3404 545 3451 et
572 3389 735 3452 commisit
765 3390 949 3471 expeditum
984 3389 1115 3452 insede
1140 3405 1248 3453 nostra
1272 3389 1320 3471 ju·

57 3489 185 3555 diciaria
208 3512 317 3556 coram
342 3495 446 3559 nobis.
532 3506 535 3511 ’

156 3597 236 3660 Item
270 3597 431 3683 Georgius
455 3601 598 3664 literatus
630 3615 740 3664 contra
764 3601 944 3664 Iohannem
970 3604 1075 3685 prImo
1108 3605 1222 3666 citatus
1253 3624 1319 3666 non

58 3704 244 3786 comparuit.

157 3810 236 3873 Item
269 3810 446 3895 Gregorius
477 3826 587 3875 contra
619 3813 785 3875 dominam
817 3814 934 3876 Katam
968 3817 1075 3898 primo
1107 3816 1221 3878 citatus
1254 3836 1319 3879 non

58 3917 244 3999 comparuit.

158 4022 237 4086 Item
261 4044 356 4086 causa
374 4024 482 4087 relicte
499 4026 607 4088 Endre
621 4039 730 4088 contra
747 4026 922 4088 Martinum
947 4026 1103 4109 Zekyrich
1120 4026 1160 4089 ad
1177 4027 1318 4110 prImum

56 4125 210 4205 judicium
234 4130 274 4192 ad
299 4151 410 4212 pacem
436 4146 482 4194 est
505 4147 641 4215 recepta.

157 4233 237 4296 ltem
268 4255 363 4298 causa
388 4236 554 4299 Martonus
584 4251 694 4300 contra
718 4238 893 4300 Martinum
912 4236 1092 4321 Zeky(ri)ch
1115 4238 1156 4300 ad
1179 4239 1319 4321 prImum

57 4335 208 4416 judicium
232 4341 272 4402 ad
296 4361 409 4423 pacem
433 4358 479 4405 est
502 4357 639 4426 recepta.

157 4444 235 4509 Item
260 4467 355 4510 causa
380 4449 556 4532 Mycbaelis
587 4449 645 4512 filii
679 4450 859 4514 Sebastiani
891 4466 1002 4515 contra
1025 4453 1159 4517 Barthol
1191 4454 1317 4516 stacbu·

58 4550 177 4613 narium
201 4553 242 4614 ad
265 4555 407 4636 primum
432 4554 587 4632 iudicium
610 4556 651 4619 ad
674 4576 786 4638 pacem
809 4572 856 4621 est
879 4573 1016 4642 recepta.
