3404 5362
1328 467 1334 471 .
1356 375 1451 471 ...³⁴3

179 470 549 480 --...—..—-——-..-..-.
568 470 581 475 ...
591 468 958 475 ——---·—-—-—.-.
970 467 1230 473 .....--.--.-..—
1242 468 1249 472 -
1271 467 1275 471 -
1288 466 1295 472 -

174 598 288 659 usque
313 576 493 659 quindenas
516 589 571 636 aut
606 574 712 656 prImo
744 571 864 654 judicio
896 587 968 654 post
991 570 1198 634 Nativitatem
1231 569 1355 631 domini
1381 589 1454 652 pre-

182 692 313 746 sentare
338 681 478 745 eundem
501 700 610 743 coram
635 680 739 743 nobis.

295 790 372 852 Item
399 808 492 851 causa
517 788 666 870 Ztoyuuls
692 798 722 848 et
747 785 902 852 Iohannis
923 799 953 847 et
977 804 1033 867 per
1058 783 1251 865 Gregorium
1277 801 1387 844 voscar
1414 780 1454 843 ad

182 898 328 980 primum
353 895 509 975 judicIum
533 905 660 975 recepta
683 892 724 955 ad
749 913 872 976 pacem.

293 1002 372 1064 Item
397 1021 490 1063 causa
515 999 671 1062 Iohannis
693 999 785 1079 jurati
808 1012 839 1061 et
857 999 955 1061 Marci
980 1011 1026 1059 est
1049 1017 1105 1081 per
1122 997 1324 1059 Anthonium
1349 996 1452 1058 Renia

185 1109 227 1172 ad
253 1110 394 1192 primum
420 1107 574 1188 judicium
600 1120 726 1188 recepta
750 1105 790 1168 ad
815 1125 938 1187 pacem.

109 1207 112 1211 ’
294 1215 373 1277 Item
397 1213 560 1276 Iohannes
584 1225 686 1274 sartor
713 1226 822 1274 contra
856 1210 1035 1292 Georgium
1062 1210 1243 1294 Mykouche
1275 1209 1381 1293 primo
1406 1208 1453 1291 ju·

185 1323 272 1384 dicio
296 1320 513 1404 respondebit.

294 1428 374 1490 Item
398 1426 531 1489 domina
548 1424 658 1488 relicta
684 1425 871 1485 Peterlronis
887 1425 992 1507 prImo
1010 1423 1130 1502 judicio
1147 1439 1220 1506 post
1244 1422 1360 1486 festum
1378 1424 1454 1506 Epi-

186 1534 378 1618 phaniarum
405 1532 530 1594 domini
555 1531 702 1593 atestabit
733 1550 892 1613 supereo
920 1550 977 1612 per
1009 1530 1177 1591 dominum
1203 1530 1378 1609 Donatum,
1403 1530 1453 1591 Ja-

185 1643 307 1703 cobum
324 1640 404 1702 Bole
421 1652 452 1700 et
468 1636 639 1701 Nicolaum
656 1637 785 1718 Angeli,
803 1636 891 1718 quod
909 1637 975 1718 ipsa
992 1636 1154 1717 quandam
1172 1637 1341 1719 pecuniam
1358 1656 1454 1714 super

185 1748 322 1809 domum
349 1744 498 1808 Griziche
524 1757 685 1824 erogasset
709 1756 740 1805 et
763 1763 852 1804 suam
878 1763 945 1804 esse
969 1741 1036 1804 fore
1060 1743 1229 1824 allegabat.

293 1852 371 1914 Item
398 1851 555 1914 Renarius
580 1863 689 1911 contra
715 1850 935 1911 Alexandrum
960 1848 1038 1911 feria
1070 1850 1166 1911 tercia
1190 1849 1407 1932 respondebit.

294 1958 372 2020 Item
411 1956 612 2038 Margaretha
648 1956 765 2019 mulier
805 1957 955 2019 atestabit
988 1977 1046 2039 per
1085 1957 1248 2018 JaltIInum
1287 1970 1452 2035 sartorem,

188 2065 396 2127 Pauerlinum
421 2077 452 2125 et
476 2062 654 2145 Georgium
680 2063 862 2145 piliatorem
880 2083 975 2146 super
999 2082 1049 2142 eo,
1074 2063 1162 2145 quod
1177 2063 1285 2125 omnia
1310 2063 1451 2144 quesibi

189 2172 388 2255 promisisset
409 2170 549 2232 totaliter
573 2171 717 2252 predicto
737 2170 908 2252 gladiatori
932 2170 1081 2234 dedisset.

293 2276 373 2340 Item
397 2296 491 2338 causa
516 2275 607 2337 Pauli
633 2288 663 2337 et
681 2276 816 2359 Mykech
839 2291 886 2338 est
909 2297 966 2360 per
982 2276 1184 2338 Anthonium
1209 2277 1310 2338 Reniz
1335 2290 1366 2339 et
1384 2278 1451 2339 Ste-

186 2384 331 2466 phanum
356 2383 395 2444 ad
420 2380 532 2444 feriam
557 2383 686 2444 terciam
712 2396 838 2465 recepta
862 2383 902 2445 ad
928 2403 1049 2465 pacem.

294 2491 372 2552 Item
386 2509 480 2551 causa
499 2488 648 2570 Gregorii
666 2508 778 2551 voscar
802 2503 832 2552 et
849 2490 957 2573 Dyum
974 2490 1091 2552 sutoris
1116 2504 1162 2552 est
1179 2510 1235 2571 per
1252 2489 1450 2572 Stephanum

185 2597 224 2658 ad
251 2594 363 2658 leriam
387 2595 519 2658 terciam
545 2608 671 2677 recepta
696 2595 736 2657 ad
760 2615 884 2678 pacem.

291 2702 370 2764 Item
387 2721 483 2763 causa
508 2701 708 2783 Margarethe
733 2702 878 2764 mulieris
910 2716 941 2765 et
965 2701 1095 2765 Thome
1120 2717 1166 2765 est
1189 2704 1230 2764 ad
1255 2701 1367 2766 leriam
1390 2716 1451 2765 ter·

186 2811 269 2871 ciam
294 2824 476 2892 prorogata.

290 2915 368 2976 Item
393 2934 487 2977 causa
512 2913 681 2976 Gileuiche
706 2928 752 2976 est
775 2935 832 2997 per
848 2928 943 2977 testes
966 2915 1006 2977 ad
1032 2913 1142 2978 feriam
1167 2917 1298 2978 terciam
1324 2931 1452 3000 recepta

186 3024 225 3084 ad
248 3042 372 3105 pacem.

294 3130 372 3191 Item
398 3127 559 3208 Georgius
582 3141 670 3189 sutor
702 3141 812 3190 contra
845 3129 1035 3191 Merclinum
1067 3130 1213 3192 atestabit
1245 3128 1322 3192 feria
1354 3131 1451 3192 tercia

184 3255 240 3317 per
266 3234 464 3317 Stephanum
491 3248 522 3294 et
545 3233 622 3295 Iuan
647 3234 735 3314 quod
761 3234 866 3316 ipsum
899 3235 986 3297 idem
1015 3236 1190 3298 Merclinus
1213 3236 1450 3319 vituperaverit.

289 3341 368 3403 Item
393 3339 575 3422 Stephanus
606 3355 715 3402 contra
747 3341 966 3403 Alexandrum
998 3343 1103 3426 primo
1133 3343 1246 3404 citatus
1271 3362 1337 3404 non
1361 3361 1451 3404 corn·

186 3448 301 3532 paruit.

289 3554 368 3615 Item
391 3573 486 3615 causa
511 3554 595 3615 Iwan
621 3566 652 3615 et
677 3554 762 3614 luce
787 3568 833 3615 est
858 3574 914 3637 per
942 3556 1109 3617 Marenum
1135 3569 1207 3637 post
1230 3553 1347 3617 festum
1373 3555 1450 3638 Epi-

183 3661 373 3744 phaniarum
399 3659 521 3721 domiui
548 3660 587 3721 ad
612 3660 753 3743 prImum
777 3661 933 3741 judicium
958 3678 1084 3745 recepta
1108 3664 1147 3724 ad
1173 3682 1296 3745 pacem.

288 3765 367 3827 Item
392 3786 486 3827 causa
511 3765 639 3850 Gyuani
670 3780 700 3827 et
732 3768 875 3848 magistri
910 3768 1065 3830 Iohannis
1098 3768 1203 3851 Crispi
1229 3784 1275 3832 est
1299 3788 1356 3851 per
1384 3775 1450 3831 An-

184 3871 333 3934 thonium
358 3872 460 3934 Reniz
485 3887 516 3933 et
540 3872 710 3934 Miclinum
733 3872 774 3935 ad
791 3874 931 3956 prImum
955 3875 1110 3955 judicium
1135 3890 1208 3960 post
1232 3875 1346 3938 lestum
1374 3877 1451 3960 Epi-

184 3978 375 4060 phaniarum
400 3977 523 4039 domini
549 3991 674 4061 recepta
699 3979 740 4040 ad
763 4000 886 4063 pacem.

288 4084 366 4146 Item
392 4084 560 4147 Elizabeth
578 4098 689 4147 eontra
706 4086 886 4148 Iohannem
903 4089 1045 4150 secundo
1063 4089 1155 4151 citata
1175 4109 1241 4151 non
1259 4090 1449 4172 comparuit.

288 4304 433 4376 sabbato
463 4309 614 4395 proxImo
653 4315 729 4379 ante
758 4308 881 4379 lestutn
900 4309 997 4379 'beati
1033 4308 1158 4380 Thone
1187 4311 1342 4399 apostoli.

363 4457 547 4531 Adjudicaclo
568 4461 695 4532 iudicum
718 4463 902 4533 antiquorum
926 4478 1032 4521 causas
1056 4465 1272 4537 appellantium.

291 4597 400 4659 PrImo
423 4599 572 4662 invocato
598 4600 716 4662 Christi
741 4602 872 4663 nomine
897 4601 1174 4682 adjudicacionem
1200 4605 1375 4687 predictam
1399 4607 1447 4688 ju·

189 4701 294 4766 dicum
319 4705 526 4786 antiquorum
559 4721 589 4767 et
620 4707 737 4768 civium
773 4709 802 4768 iu
833 4706 916 4770 facto
948 4709 1120 4773 domorum
1153 4727 1349 4775 muratarum
1375 4734 1446 4776 sua-

185 4828 319 4891 rumque
343 4810 565 4874 hedificiorum
591 4813 729 4875 condam
763 4815 917 4877 Anthonii
944 4817 1056 4878 decani
1088 4817 1325 4901 confirmamus,
1350 4822 1445 4884 robo-

1434 5096 1452 5138 ἢ
