3404 5362
549 108 637 167 Anno
659 121 752 185 1390.
778 142 817 153 -
837 124 872 187 3.
888 110 981 186 sunu.
1335 131 1396 194 327

102 309 214 376 bitur
240 335 338 397 super
360 335 410 394 eo,
427 315 516 397 quod
541 316 609 397 ipse
626 316 728 378 dictos
745 315 814 380 flor.
840 318 944 380 eidem
963 319 1121 401 Gregorio
1138 340 1195 402 pro
1218 322 1308 383 lucro
1326 343 1396 384 non

95 416 288 498 dedisset;
311 421 378 504 ipse
404 422 491 483 enim
516 420 694 503 Gregorius
716 424 871 506 voyschar
899 425 1000 507 ipsam
1026 445 1154 488 causam
1178 426 1218 488 ad
1243 427 1395 509 antiquos

88 519 250 600 judices
275 527 458 610 appellavit.

232 651 313 713 Item
338 653 467 714 Marena
492 653 609 715 mulier
625 653 710 735 juxta
735 673 829 715 suum
846 668 1073 717 testamentum
1089 668 1206 717 octavo
1231 655 1285 719 die
1299 676 1394 740 super

86 774 145 820 eo
176 757 309 839 jurabit
331 759 473 821 secundo
497 780 542 838 se,
567 773 601 821 ut
625 761 821 822 Laurencius
844 762 904 822 sibi
930 762 1107 824 secundum
1125 762 1298 825 dimidium
1321 766 1392 828 flor.

83 862 254 927 debitor
280 878 379 942 esset;
405 866 472 947 ipse
496 866 584 927 enim
609 867 806 928 Laurencius
829 887 958 929 causam
989 887 1080 929 suam
1104 868 1144 930 ad
1168 869 1318 951 antiquos
1342 869 1389 952 ju·

82 968 207 1033 dices
233 972 421 1054 appellavit.

577 1141 759 1213 Sabbatum
787 1161 939 1230 sequens.

658 1291 724 1372 (21.
747 1292 847 1375 maia).

225 1433 307 1494 Item
334 1452 428 1495 causa
453 1434 579 1495 Nicolai
605 1433 752 1496 Delasich
787 1447 817 1495 et
842 1433 959 1517 Mykch
986 1434 1136 1514 Magdich
1161 1455 1217 1517 per
1242 1436 1392 1518 antiquos

73 1535 245 1616 judices
270 1540 314 1601 sic
336 1560 375 1601 eo
399 1540 499 1601 modo
516 1554 562 1601 est
579 1539 729 1619 judicata,
747 1540 835 1622 quod
855 1541 1001 1601 universa
1019 1539 1100 1602 facta
1119 1540 1150 1601 in
1168 1539 1259 1604 factis
1276 1542 1389 1603 merci·

69 1647 239 1710 moniis
264 1646 346 1707 inter
370 1647 456 1728 ipsos
479 1647 640 1708 ventilatis
665 1666 766 1728 usque
799 1646 839 1707 ad
863 1647 920 1708 hec
945 1661 1088 1729 tempora
1121 1648 1281 1709 ventilatis
1307 1648 1389 1710 inter

68 1771 129 1818 se
162 1754 408 1836 deposuerunt,
426 1754 565 1836 exceptis
586 1753 714 1834 triginta
740 1753 809 1815 flor.
827 1754 895 1815 auri
913 1754 1019 1815 minus
1035 1753 1173 1833 duobus,
1198 1774 1280 1836 quos
1298 1754 1384 1817 idem

65 1858 239 1947 Mykch
265 1860 350 1923 dicto
375 1860 511 1922 Nicolao
536 1881 637 1943 usque
669 1859 785 1922 festum
810 1861 894 1922 beati
920 1861 1049 1922 Martini
1082 1859 1272 1922 confessoris
1298 1881 1381 1923 nunc

63 1982 290 2032 venturum
321 1969 442 2049 absque
474 1968 582 2049 aliqua
612 1967 667 2029 lite
699 1967 823 2028 solvere
855 1966 968 2043 debet;
1000 1966 1061 2028 hoc
1086 1967 1185 2028 eciam
1210 1966 1384 2047 declarat0,

61 2074 204 2159 quod
247 2073 312 2155 ipse
348 2073 502 2135 Nicolaus
548 2073 668 2135 dictum
702 2073 818 2156 Mykch
857 2073 889 2134 in
930 2073 1130 2154 aquisicione
1169 2072 1383 2155 quarumdam

60 2182 230 2243 ovium
257 2198 330 2240 cum
361 2180 508 2262 expensis
540 2179 690 2259 adjuvare
722 2180 902 2261 assumpsit,
928 2193 959 2240 et
990 2178 1069 2261 quid
1094 2179 1133 2239 de
1159 2178 1234 2262 ipsis
1265 2179 1381 2240 ovibus

56 2286 329 2369 requirerent,
353 2298 468 2347 extunc
498 2286 556 2367 ipsi
589 2285 742 2347 Nicolaus
775 2299 805 2347 et
829 2285 937 2346 Miltch
970 2285 1126 2367 equaliter
1157 2283 1300 2346 dividere
1325 2283 1380 2345 de-

55 2388 251 2457 bebunt.

251 2608 348 2726 heria
376 2618 476 2684 sexta
503 2615 659 2701 proxima
686 2620 762 2701 post
789 2612 913 2683 festum
943 2610 1098 2700 Corporis
1128 2610 1263 2684 Christi.

668 2765 713 2846 (3.
729 2765 838 2848 junci).

223 2907 301 2968 ltem
338 2906 514 2988 Gregorius
545 2907 731 2969 tributarius
763 2921 872 2969 contra
906 2906 1102 2988 Stephanum
1137 2907 1241 2988 primo
1274 2907 1387 2969 citatus

61 3026 176 3078 non
205 3013 398 3095 comparuit.

224 3137 303 3198 ltem
328 3138 439 3199 Petrus
464 3153 494 3201 et
519 3137 632 3200 Gallus
655 3150 791 3199 sartores
823 3150 932 3198 contra
958 3135 1157 3218 Stephanum
1191 3137 1384 3199 secundario

69 3246 200 3310 citati
230 3263 296 3305 non
321 3259 580 3327 comparuerunt.

224 3367 303 3429 ltem
329 3368 510 3451 Stephanus
535 3368 656 3450 juratus
679 3381 710 3430 et
727 3367 857 3449 Mathey
882 3380 992 3428 contra
1018 3366 1212 3449 Gregorium
1229 3367 1385 3451 voyschar

75 3478 222 3558 primo
247 3474 332 3536 citati
356 3495 421 3536 non
446 3488 704 3557 comparuerunt.
1005 3460 1008 3465 ’

223 3580 301 3643 ltem
334 3582 452 3643 Paulus
483 3597 592 3644 contra
625 3580 804 3644 lohannem
837 3578 1009 3660 pellificem
1041 3581 1146 3662 primo
1179 3581 1292 3642 citatus
1316 3600 1380 3642 uon

83 3688 307 3771 comparuit.

226 3793 304 3856 ltem
329 3814 423 3857 causa
448 3795 558 3856 Jacobi
584 3808 693 3856 contra
719 3796 782 3856 Res
813 3815 914 3877 usque
942 3808 1015 3855 octo
1045 3793 1113 3853 dies
1136 3791 1175 3852 ad
1201 3810 1311 3871 pacem
1336 3805 1382 3852 est

89 3914 253 3984 recepta.

224 4007 302 4070 ltem
321 4008 466 4070 Thomas
483 4022 592 4070 contra
610 4009 766 4071 Jacobum
782 4008 961 4091 predictum
978 4021 1073 4068 testes
1089 4007 1266 4089 producere
1286 4007 1382 4069 debet

96 4128 232 4178 octavo
261 4115 323 4178 die.

223 4221 302 4283 ltem
327 4241 421 4284 causa
447 4222 593 4305 Mathyaa
617 4235 726 4283 contra
757 4222 940 4284 Emericum
973 4222 1013 4284 ad
1038 4241 1149 4306 pacem
1174 4233 1220 4282 est
1243 4234 1380 4302 recepta.

224 4328 301 4390 ltem
327 4330 435 4392 Marco
460 4343 569 4392 contra
594 4328 753 4410 Agatham
785 4329 889 4410 primo
918 4329 1032 4391 citatus
1055 4348 1120 4390 non
1146 4326 1336 4409 comparuit.

225 4451 302 4514 ltem
328 4473 383 4536 per
409 4453 547 4516 eundem
566 4452 735 4514 dominum
753 4451 933 4515 Johannem
958 4452 1096 4532 judicem
1115 4466 1145 4514 et
1169 4452 1237 4513 eius
1261 4450 1380 4530 juratos

114 4571 169 4620 est
191 4557 354 4623 decretum
378 4574 410 4623 et
432 4573 597 4639 statutum,
621 4559 709 4642 quod
735 4558 842 4620 nullus
866 4559 1034 4621 hominum
1059 4573 1284 4620 extraneorum
1308 4557 1380 4643 plus
