3404 5362
326 552 403 614 Item
431 553 608 614 HansIInus
625 567 655 614 et
673 554 782 616 Bartol
798 554 880 616 inter
904 574 971 616 sese
998 554 1029 615 iu
1047 554 1153 637 primo
1169 553 1290 635 judicIo
1309 555 1489 635 (racionem

219 679 339 742 ponere
363 659 504 742 debent).

328 766 406 828 Item
431 766 628 828 Laurentius
652 766 791 829 carnifex
809 783 919 830 contra
944 769 1124 832 Iohannem
1143 769 1304 831 literatum
1331 767 1364 828 ln
1381 768 1488 850 primo

219 872 339 955 judicio
363 871 484 955 (testes)
510 873 677 935 videlicet:
699 873 899 936 Hermanum
925 874 1095 957 peIIIficem
1127 890 1158 937 et
1182 873 1355 936 Nicolaum
1382 873 1486 934 filium

220 979 386 1042 Benedicti
411 992 547 1041 statuere
572 980 677 1043 debet.

327 1086 404 1148 Item
429 1105 523 1147 causa
556 1086 639 1148 Petri
671 1100 781 1149 contra
813 1087 915 1148 Malar
939 1101 970 1151 et
1001 1088 1178 1169 Georgium
1203 1086 1257 1170 (ad
1288 1106 1403 1169 pacem
1440 1102 1486 1149 est

219 1193 368 1275 recepta).

326 1299 405 1361 Item
422 1318 515 1360 causa
541 1299 669 1362 MartIni
690 1314 800 1362 contra
825 1299 1003 1382 predictum
1029 1300 1199 1362 Nicolaum
1223 1301 1276 1383 (ad
1300 1315 1377 1362 octo
1402 1300 1484 1382 dies)

219 1420 265 1468 est
289 1418 468 1487 prorogata.

324 1512 401 1572 Item
425 1531 519 1573 causa
545 1512 644 1573 Marci
669 1511 842 1574 Blanchich
876 1526 986 1574 contra
1011 1513 1206 1575 Haoslinum
1237 1513 1290 1595 (ad
1315 1528 1390 1576 octo
1415 1513 1484 1576 dits

218 1631 264 1678 est
289 1617 483 1700 prorogata).

322 1723 400 1787 Item
423 1724 558 1805 Egidius
581 1724 731 1787 sacerdos
754 1739 786 1787 et
810 1725 929 1787 Paulus
959 1740 1070 1787 contra
1096 1725 1231 1788 Paulum
1255 1725 1364 1808 primo
1392 1726 1479 1789 citati

218 1848 282 1891 non
308 1845 565 1913 comparuerunt.

323 1937 401 1999 Item
415 1957 508 1999 causa
524 1938 678 2000 Johannis
688 1937 743 1999 filii
760 1939 842 2000 Petri
856 1954 966 2001 contra
978 1939 1097 2020 Sugam
1108 1939 1148 2000 ad
1160 1958 1271 2021 pacem
1285 1955 1331 2002 est
1345 1956 1482 2023 recepta.

323 2043 402 2104 Item
434 2045 626 2106 Lourandus
657 2059 767 2107 contra
802 2046 999 2127 Stephanum
1031 2045 1208 2107 salivenam
1241 2047 1272 2107 In
1297 2047 1405 2129 prImo
1438 2047 1484 2127 ju·

217 2148 301 2210 dicio
325 2151 487 2212 racionem
512 2150 644 2234 (ponere
669 2151 787 2234 debet).

321 2256 399 2318 Itern
435 2258 602 2320 Emericus
638 2272 746 2321 contra
783 2258 994 2321 Benedictum
1033 2259 1225 2321 secundario
1264 2259 1380 2323 citatus
1417 2280 1482 2323 nou

216 2362 416 2447 comparuit'

320 2472 399 2533 Item
432 2473 542 2534 Petrus
566 2472 665 2534 decan
698 2485 807 2533 contra
839 2473 1011 2534 Nicolaum
1042 2472 1233 2534 secundario
1266 2472 1382 2535 citatus
1414 2492 1478 2535 non

216 2578 405 2660 comparuit.
1315 2562 1321 2573 ’

322 2684 399 2746 Item
438 2684 650 2755 iuramentum
688 2684 811 2746 domini
849 2684 945 2745 Blasii
983 2684 1124 2746 custodia
1155 2696 1265 2746 contra
1305 2685 1479 2747 Martinum

216 2788 309 2870 I‘Iper
333 2803 364 2851 ct
395 2810 526 2852 uxorem
559 2811 647 2852 suam
673 2791 713 2852 ad
746 2789 859 2853 leriam
889 2791 1020 2853 terciam
1053 2790 1233 2872 proxImam
1266 2805 1339 2873 post
1363 2789 1479 2855 festum

216 2894 311 2957 Pasce
336 2895 459 2958 domini
485 2911 532 2959 est
555 2912 771 2978 prorogatum.

321 3003 399 3064 Item
425 3022 518 3064 causa
543 3003 682 3085 Philippi
707 3004 825 3066 medici
849 3017 960 3065 contra
981 3003 1162 3066 lohannem
1187 3003 1226 3065 ad
1251 3017 1326 3066 octo
1351 3004 1420 3066 dies
1436 3016 1482 3067 est

215 3123 395 3190 prorogata.

321 3214 399 3276 Item
422 3214 606 3278 Anthonius
630 3216 755 3278 Kordar
783 3231 892 3279 contra
925 3216 1111 3300 Philippum
1143 3216 1248 3298 prImo
1272 3216 1389 3278 citatus
1413 3235 1477 3277 non

216 3323 405 3404 comparuit.

321 3430 398 3491 Item
424 3428 592 3512 GyanInus
616 3429 737 3510 juratus
761 3432 793 3493 In
818 3431 923 3514 primo
948 3429 1068 3512 judicio
1093 3451 1149 3513 per
1178 3431 1359 3510 Marenum,
1385 3431 1482 3493 Nico·

215 3534 302 3597 laum
329 3550 359 3597 et
384 3536 503 3617 Sugam
528 3535 590 3598 hoc
613 3539 771 3616 atestabit,
795 3538 884 3619 quod
908 3538 1013 3620 ipsum
1039 3537 1201 3599 lohannes
1218 3537 1484 3619 ..vituperante

322 3643 399 3704 Item
417 3662 510 3705 causa
529 3643 629 3705 Sarko
646 3643 793 3727 pellillcis
810 3659 919 3706 contra
938 3644 1080 3705 Blasium
1094 3644 1262 3705 custodem
1278 3643 1318 3704 ad
1336 3644 1480 3727 priorum

215 3747 369 3829 judicium
397 3763 443 3811 est
467 3764 649 3833 prorogata.

319 3856 396 3919 Item
421 3871 516 3918 testes
540 3876 666 3919 causam
693 3857 775 3918 Inter
798 3856 906 3918 Bartol
931 3855 1114 3918 carnificem
1224 3869 1414 3938 receperunt
1440 3855 1482 3918 ad

213 3961 352 4044 primum
378 3963 544 4044 judicium.

318 4069 397 4132 Item
421 4089 513 4132 causa
540 4069 691 4152 Stephani
724 4082 834 4131 contra
858 4069 1060 4131 Anthonium
1086 4066 1219 4151 Jursych
1243 4068 1283 4130 ad
1310 4082 1384 4130 octo
1411 4067 1480 4132 dies

213 4189 259 4239 est
287 4191 467 4259 prorogata.

319 4282 397 4344 Item
422 4283 552 4366 Mathey
577 4281 716 4344 carnifex
741 4297 851 4345 contra
877 4283 1081 4346 Clementem
1106 4283 1137 4343 in
1161 4282 1267 4364 primo
1292 4280 1414 4361 judicio
1431 4302 1478 4344 re·

214 4389 396 4473 spondebit.

321 4495 400 4557 Item
425 4496 578 4557 Nicolaus
603 4509 634 4557 et
656 4516 755 4577 gener
787 4495 932 4578 Mathyas
964 4510 1074 4557 contra
1099 4493 1279 4557 Iohannem
1304 4492 1477 4576 pellificem

212 4602 319 4686 primo
342 4601 428 4664 citati
454 4621 518 4663 non
544 4617 802 4684 comparuerunt.

321 4708 399 4770 Item
437 4709 596 4770 Henricus
630 4708 833 4770 Teutonicus
865 4706 941 4769 feria
973 4709 1067 4769 tercia
1101 4728 1186 4769 nunc
1221 4721 1355 4770 ventura
1386 4709 1475 4771 solus

214 4835 372 4903 supereo
396 4814 523 4898 jurabit,
547 4814 635 4896 quod
661 4814 727 4896 ipse
752 4813 926 4894 quemdam
950 4832 1084 4896 porcum
1111 4859 1476 4878 ............

739 4955 778 4966 --
780 4949 907 4968 ·····
910 4956 950 4963 -—
