3404 5362
601 348 687 404 Anno
711 358 798 424 1575.
824 381 865 389 —
889 343 939 408 16.
963 349 1073 408 martii.
1458 368 1477 428 9
1510 299 1512 303 '

314 560 394 622 Item
419 560 451 621 in
476 559 648 642 quindenis
665 559 776 621 Punek
801 559 897 622 debet
917 559 1079 621 racionem
1097 578 1216 641 ponere
1241 578 1314 620 cum
1339 558 1475 621 Nicolao

211 665 277 728 filio
301 666 454 729 WIkech.

314 773 394 834 Item
418 773 544 835 Ferlich
569 786 679 835 contra
705 772 940 855 Margaretham
964 786 1080 835 octavo
1103 773 1156 836 die
1181 774 1399 857 respondebit.

314 879 394 941 Item
420 881 538 943 Paulus
554 892 665 942 contra
686 879 851 941 Thomam
868 893 1009 942 sutorem
1026 893 1140 945 octavo
1164 881 1217 943 die
1234 900 1290 962 per
1313 880 1477 942 Donatum

211 983 349 1064 juratum
381 1000 413 1048 et
445 989 613 1049 Marenum
644 987 879 1069 comprobabit,
911 987 999 1068 quod
1031 988 1136 1070 Ipsum
1169 988 1273 1050 dictus
1297 988 1421 1049 Tomas
1445 988 1477 1049 iu

210 1092 311 1173 capite
337 1092 544 1156 vulnerasset.

316 1200 394 1261 Item
421 1201 577 1263 Salomon
602 1214 717 1263 octavo
741 1201 793 1263 die
817 1214 849 1263 et
872 1200 983 1263 fratres
1007 1202 1148 1263 minores
1171 1201 1290 1263 debent
1313 1200 1381 1282 jura
1406 1220 1478 1280 pro·

211 1304 339 1384 ducere,
363 1307 390 1368 si
414 1326 476 1388 qua
501 1307 632 1384 habent,
657 1327 751 1390 super
775 1307 874 1369 domo
898 1307 975 1369 Iuan
999 1307 1057 1369 filii
1081 1306 1309 1370 Obramkonis.

314 1412 394 1473 Item
419 1412 497 1475 IerIa
521 1428 607 1476 sexta
632 1414 789 1475 Martinus
805 1414 1021 1495 carpentarius
1040 1413 1147 1476 Iiteras
1171 1413 1320 1495 Gregorii
1345 1413 1478 1476 Scortha

211 1519 359 1581 exhibere
384 1519 525 1596 debebit,
551 1521 668 1601 quibus
692 1521 767 1582 visis
790 1521 948 1603 justIciam
973 1519 1127 1583 faciemus
1151 1522 1233 1583 inter
1256 1534 1371 1603 partes.

315 1626 395 1687 Item
413 1627 489 1687 Iuan
508 1627 540 1687 iu
557 1627 729 1708 quindenis
746 1627 883 1689 Crieano
904 1627 984 1689 duas
1001 1647 1122 1689 marcas
1140 1626 1347 1688 denariorum
1363 1625 1476 1687 solvet.

316 1732 396 1794 Item
421 1732 677 1813 adjudicavimus
707 1733 796 1815 quod
830 1734 946 1797 domos
977 1734 1114 1797 condam
1147 1735 1236 1795 Kurk
1261 1733 1368 1794 nuIIus
1400 1731 1478 1793 alter

212 1857 317 1901 emere
342 1839 442 1920 possit
466 1840 527 1901 nisi
552 1839 706 1902 NicoIaus
733 1839 819 1902 filius
843 1839 1001 1903 Odolasii.

316 1946 395 2007 Item
427 1946 553 2007 Blasius
578 1946 765 2029 MykouIich
797 1961 911 2009 octavo
940 1947 991 2008 die
1024 1967 1056 2008 se
1087 1960 1193 2010 sextus
1216 1945 1333 2028 jurabit
1364 1945 1396 2005 in
1429 1963 1478 2022 eo,

212 2051 297 2133 quod
308 2051 443 2133 quidam
456 2052 564 2113 Iardus
577 2053 636 2114 sibi
647 2053 740 2114 datus
753 2052 865 2116 fuisset
877 2053 917 2115 ad
931 2054 1187 2116 conservandum
1202 2072 1257 2132 per
1274 2051 1478 2134 Mosnarych.
1574 2095 1575 2098 ,

316 2158 396 2220 Item
421 2158 613 2242 Mosnarych
630 2179 663 2221 se
680 2160 796 2222 tercius
820 2159 937 2241 jurabit
958 2161 990 2221 iu
1003 2179 1054 2239 eo,
1078 2159 1166 2242 quod
1184 2159 1251 2241 ipse
1277 2158 1385 2220 lardus
1401 2177 1478 2219 suus

213 2261 322 2326 fuisset
346 2278 377 2325 et
401 2279 491 2327 esset.

316 2371 394 2432 Item
418 2371 585 2433 Emericus
608 2385 723 2434 octavo
747 2373 800 2435 dIe
823 2374 1045 2436 testimonium
1063 2373 1218 2454 producet
1241 2392 1297 2454 per
1321 2390 1404 2453 quos
1420 2389 1477 2453 po-

212 2477 291 2556 terit,
315 2477 405 2558 quod
429 2477 570 2559 quedam
594 2499 676 2560 equa
700 2499 756 2541 sua
782 2494 812 2542 et
836 2480 936 2562 ipsius
960 2481 1059 2562 patris
1083 2478 1205 2541 fuisset.

315 2583 395 2646 Itenr
426 2584 492 2667 Syb
524 2584 670 2647 Andreas
701 2600 811 2647 contra
840 2586 1057 2668 Dragozlaum
1090 2588 1233 2649 secundo
1268 2586 1381 2647 citatus
1412 2603 1478 2645 non
1560 2624 1562 2628 ι

215 2690 401 2772 comparuit.

318 2797 396 2857 Item
420 2796 582 2860 Iohannes
614 2796 711 2861 Liber
741 2812 851 2862 contra
882 2800 1085 2884 Mychaelem
1116 2799 1242 2862 fabrum
1267 2796 1409 2859 secundo
1434 2797 1477 2858 ci-

215 2917 292 2965 tatus
315 2922 382 2965 non
406 2905 596 2986 comparuit.

320 3012 398 3072 Item
422 3011 500 3073 Iuan
518 3011 661 3094 Bray(s)e
678 3026 792 3075 octavo
807 3014 858 3076 die
875 3035 931 3096 per
948 3015 1127 3076 Barnabam
1144 3012 1342 3075 sacerdotem
1367 3023 1398 3071 et
1422 3010 1479 3070 Pe·

217 3128 298 3178 trum
324 3118 400 3178 Moz
423 3136 459 3179 ac
477 3118 648 3180 Lucaeium
665 3120 886 3181 testImonium
904 3119 1059 3200 producet
1075 3138 1170 3201 super
1190 3139 1240 3197 e0,
1258 3117 1345 3199 quod
1364 3117 1479 3178 domus
1508 3119 1509 3122 ’

217 3222 333 3305 inqua
358 3237 467 3286 manet
489 3224 550 3286 sibi
574 3244 631 3307 per
655 3226 855 3288 Marethkam
879 3239 961 3288 esset
984 3226 1114 3287 dimissa
1139 3238 1170 3287 et
1193 3225 1357 3287 devoluta.

317 3329 397 3392 Item
421 3330 446 3391 si
471 3330 604 3393 donrina
636 3332 745 3394 relicta
777 3333 919 3415 magistri
951 3333 1076 3393 NicoIai
1101 3331 1239 3393 condam
1265 3329 1376 3393 Touth
1410 3329 1478 3391 Cri-

218 3454 290 3498 tano
314 3455 417 3518 usque
446 3437 533 3499 diem
565 3450 715 3501 octavum
748 3459 813 3501 non
843 3439 957 3518 solvet,
982 3452 1097 3500 extunc
1128 3438 1189 3500 sibi
1213 3437 1282 3520 jura
1305 3436 1479 3499 literatorie

219 3540 362 3605 dabimus
386 3543 426 3604 de
449 3543 624 3625 premissis.

318 3649 397 3711 Item
422 3669 516 3712 cauea
540 3650 651 3713 Jacobi
675 3664 707 3714 et
723 3650 855 3733 Georgii
880 3651 990 3734 Rybar
1007 3665 1053 3713 est
1069 3650 1110 3712 ad
1128 3663 1201 3713 octo
1219 3649 1288 3713 dies
1312 3669 1368 3732 per
1382 3661 1479 3711 testes

219 3769 337 3838 recepta
361 3756 402 3818 ad
427 3776 549 3840 pacem.

300 3972 399 4047 Faria
426 3981 526 4047 sexta
552 3978 708 4065 proxima
735 3983 812 4066 post
838 3977 963 4050 festam
990 3979 1080 4051 beati
1109 3977 1260 4068 Gregorii
1288 3998 1381 4069 pape.

738 4128 803 4207 (16.
828 4134 950 4208 martit).

319 4267 430 4330 Primo
454 4288 549 4331 causa
572 4269 680 4351 Egidii
703 4270 850 4353 Hungari
882 4285 913 4334 et
937 4271 1076 4334 Lucachi
1108 4272 1265 4355 selliparis
1289 4285 1336 4334 est
1359 4272 1398 4334 ad
1423 4272 1478 4334 ad-

225 4388 347 4438 ventum
371 4374 411 4435 de
436 4375 541 4437 Roma
572 4375 671 4459 ipsius
702 4374 852 4439 Lucachii
881 4390 1052 4460 prorogata
1075 4377 1116 4439 ad
1148 4378 1302 4460 juditium
1327 4380 1478 4462 primum.

321 4481 401 4543 Item
424 4481 600 4564 Dyonieius
616 4481 705 4545 faber
725 4497 834 4547 contra
852 4485 1036 4547 Emericum
1052 4499 1167 4546 octavo
1184 4485 1236 4547 die
1260 4485 1477 4568 respondebit.

320 4587 1476 4673 ItenrIohanneecontraSymonemcarnificemoctavodierespondebit.

321 4693 399 4755 Item
423 4712 519 4756 causa
542 4696 671 4759 Martini
696 4695 777 4757 fabri
802 4709 833 4758 et
857 4697 986 4759 Martini
1014 4698 1203 4779 carpentarii
1227 4709 1274 4758 est
1296 4716 1352 4778 per
1376 4696 1477 4761 Micu·

222 4796 299 4861 sium
322 4812 354 4863 et
377 4799 542 4864 Donatum
565 4802 606 4863 ad
628 4816 742 4864 octavo
766 4802 834 4864 dies
857 4816 984 4885 recepta
1008 4801 1048 4862 ad
1072 4822 1193 4886 pacem.
