3404 5362
220 341 282 422 356

319 550 398 611 ltem
423 569 517 612 causa
540 548 644 630 Cigau
669 546 826 609 carnificis
849 560 880 609 et
900 546 1056 609 lobannis
1080 559 1111 607 et
1137 546 1235 608 Marci
1260 543 1415 607 aurifabri
1436 560 1481 608 est

214 656 255 719 ad
278 676 391 740 pacem
416 668 554 738 recepta.

320 763 397 824 Item
422 781 516 823 causa
543 760 664 823 Leueni
689 760 729 821 de
762 761 853 822 Nova
886 760 962 822 villa
986 774 1016 821 et
1049 758 1180 821 domine
1206 758 1412 840 Margarethe
1438 760 1484 822 in·

213 869 340 932 stitricis
364 883 411 930 est
433 868 473 930 ad
499 886 611 950 pacem
634 880 760 949 recepta
783 866 824 929 ad
848 866 988 950 primum
1013 864 1181 947 judicium.

320 975 398 1037 ltem
424 974 561 1036 lancech
586 972 746 1036 aurifaber
762 986 873 1035 contra
891 972 1092 1056 Mychaelem
1110 971 1354 1034 stachunarium
1376 972 1485 1052 primo

214 1083 328 1145 citatus
351 1101 416 1143 non
442 1080 633 1163 comparuit.

320 1189 398 1250 Item
424 1187 608 1250 Anthonius
631 1185 756 1247 Jursicb
780 1199 891 1248 contra
908 1185 1077 1247 Marenum
1101 1185 1134 1248 in
1157 1186 1264 1268 primo
1288 1185 1413 1268 judicio
1438 1206 1486 1247 re·

214 1295 396 1379 spondebit.

321 1401 398 1463 ltem
423 1420 517 1462 causa
542 1399 626 1462 Petri
651 1397 764 1460 famuli
782 1396 906 1460 Odolas
930 1413 961 1461 et
984 1397 1104 1480 Philipi
1129 1398 1259 1460 sartoris
1283 1412 1330 1461 est
1355 1413 1486 1482 recepta

214 1506 255 1568 ad
281 1526 394 1591 pacem
419 1506 458 1568 ad
484 1505 623 1588 primurn
648 1504 816 1586 judicium.

321 1630 399 1693 Item
425 1629 639 1692 communitas
662 1629 752 1691 dedit
773 1628 908 1691 domum
937 1628 1060 1690 Nicolai
1095 1627 1261 1690 familiaris
1284 1628 1484 1710 suffraganei

217 1755 275 1819 pro
300 1736 410 1798 debito
434 1736 535 1798 teneri
561 1734 704 1817 Georgio
729 1736 838 1818 nepoti
863 1734 1054 1816 suffraganei
1084 1735 1139 1796 tali
1165 1735 1275 1814 modo,
1300 1736 1391 1817 quod
1418 1736 1485 1818 ipse

218 1841 379 1924 Georgius
403 1841 523 1904 fructus
547 1841 691 1904 eiusdem
715 1841 804 1903 domi
830 1842 992 1924 percipere
1025 1842 1140 1904 debeat
1164 1861 1266 1923 usque
1291 1843 1359 1924 ipse
1385 1845 1483 1906 Nico·

217 1948 287 2010 laus
310 1950 350 2010 ab
378 1949 447 2031 ipso
473 1947 615 2029 Georgio
639 1947 797 2009 redimere
818 1947 945 2030 poterit.

322 2072 400 2133 ltem
424 2091 517 2133 causa
541 2071 697 2133 Anthonii
714 2070 866 2134 aurifabri
891 2085 922 2134 et
939 2072 1059 2134 Vrbaoi
1084 2086 1131 2135 est
1155 2087 1282 2156 recepta
1306 2074 1348 2135 ad
1366 2094 1482 2157 pacem

215 2177 256 2240 ad
281 2177 421 2261 primum
446 2176 613 2258 judicium.
1100 2176 1102 2179 ’

323 2285 402 2346 ltem
427 2284 587 2366 Georgius
611 2284 694 2347 filius
719 2285 803 2346 lwan
836 2285 964 2348 restabit
996 2305 1067 2347 cum
1102 2285 1222 2348 Mathia
1247 2286 1420 2350 Rosnikou
1454 2301 1483 2349 et

216 2411 289 2453 cum
314 2392 400 2453 lwan
425 2391 526 2453 Bolek
550 2411 712 2474 supereo,
733 2392 822 2472 quod
840 2391 1017 2473 Gregorius
1041 2391 1171 2474 jobagio
1196 2393 1358 2455 Francisci
1376 2393 1481 2476 ipsum

218 2498 411 2581 Gregoriurn
435 2500 642 2561 verberasset.

324 2605 402 2666 ltem
416 2604 580 2666 Franchelc
605 2602 689 2666 filius
714 2604 797 2666 lwan
816 2604 911 2667 debet
939 2606 1042 2687 jurare
1067 2618 1155 2667 sexto
1179 2626 1212 2667 se
1238 2606 1269 2668 in
1294 2607 1402 2689 primo
1434 2607 1480 2688 ju·

216 2710 305 2771 dicio
329 2709 383 2771 tali
408 2709 518 2786 modo,
544 2710 632 2790 quod
658 2729 729 2771 cum
758 2711 839 2772 scitu
871 2732 930 2774 suo
962 2711 1026 2773 filia
1051 2732 1108 2774 sua
1133 2731 1197 2774 non
1231 2712 1382 2794 jacuisset
1406 2733 1479 2776 cum

217 2814 396 2877 Thomasio
420 2814 622 2897 calcaripare.

322 2939 399 3000 ltem
418 2959 473 3020 per
496 2938 617 3019 judices
641 2955 687 3001 est
718 2940 938 3022 adjudicatum
963 2941 1052 3023 quod
1076 2942 1201 3024 Agatha
1222 2942 1288 3006 filia
1314 2944 1481 3007 Franchelc

216 3046 402 3127 ubicunque
427 3046 528 3128 ipsam
551 3061 681 3128 possent
703 3049 841 3129 reperire
865 3048 897 3110 in
913 3049 1075 3110 territorio
1101 3050 1237 3112 civitatis
1261 3051 1301 3112 de
1319 3051 1388 3133 ipsa
1411 3053 1483 3114 vin·

217 3152 300 3214 dicta
324 3165 524 3234 sumpmatur
547 3152 637 3214 sicud
662 3152 701 3213 de
725 3154 780 3215 tali
805 3154 1056 3236 maledictaque
1079 3156 1322 3219 matrimonium
1348 3155 1479 3240 frangit.

321 3257 400 3319 ltem
424 3277 518 3320 causa
542 3259 698 3321 Anthonii
714 3258 808 3340 jurati
831 3273 861 3322 et
885 3259 1039 3322 lobannis
1064 3261 1121 3323 lilii
1138 3263 1256 3325 Donati
1281 3277 1328 3325 est
1352 3278 1480 3347 recepta

217 3364 258 3426 ad
283 3383 395 3446 pacem
420 3364 459 3425 ad
485 3365 624 3446 primum
649 3364 814 3445 judicium.

322 3488 400 3551 ltem
425 3507 517 3550 causa
542 3489 704 3552 Valentini
729 3487 785 3550 filii
811 3490 987 3553 Wllrouich
1013 3505 1044 3554 et
1069 3490 1242 3574 Matheyko
1267 3492 1426 3556 carnificis
1451 3510 1482 3558 et

218 3597 347 3659 Martini
380 3595 509 3657 sartoris
544 3609 575 3657 et
611 3597 696 3657 Kusa
732 3596 839 3659 taliter
877 3611 923 3660 est
954 3597 1111 3678 judicata,
1154 3619 1253 3680 quare
1286 3600 1482 3665 Valentinus

219 3723 291 3766 cum
317 3702 411 3764 bonis
434 3701 611 3764 literalibus
644 3702 863 3765 instrumentis
896 3719 927 3766 et
951 3705 1052 3766 eciam
1085 3724 1157 3766 cum
1190 3719 1384 3770 testamento
1408 3728 1483 3791 pro·

216 3810 314 3888 bavit,
338 3809 412 3870 ideo
436 3807 558 3889 judices
581 3807 845 3889 adjudicaverunt
870 3810 975 3872 eidem
998 3811 1182 3873 Valentino.

838 3985 852 4013 2

324 4161 401 4223 Item
426 4181 521 4224 causa
544 4162 699 4225 Johannis
716 4163 773 4226 filii
791 4166 902 4228 Jacobi
926 4180 1035 4228 contra
1053 4167 1223 4230 Nicolaum
1244 4171 1484 4252 carpentarium

216 4266 257 4329 ad
281 4280 429 4329 octavum
455 4268 540 4330 diem
565 4269 606 4330 ad
630 4289 742 4351 pacem
767 4285 814 4333 est
838 4285 974 4355 recepta.

324 4374 402 4436 ltem
418 4373 593 4457 Gregorius
606 4389 707 4437 sartor
720 4391 834 4439 octavo
848 4378 899 4439 die
916 4392 1026 4440 contra
1041 4379 1243 4462 Lipouschalr
1261 4382 1485 4464 respondebit.

323 4479 401 4541 ltem
433 4470 534 4562 quod'
553 4481 627 4563 qula
662 4482 772 4545 Petrus
803 4484 930 4547 villicus
967 4484 1007 4546 de
1043 4485 1114 4547 vico
1147 4486 1337 4549 Latinorum
1371 4505 1484 4554 contra

217 4586 347 4648 Petrum
372 4587 534 4649 medicum
550 4588 581 4648 in
606 4587 726 4670 judicio
747 4609 811 4651 non
837 4592 1026 4674 comparuit,
1051 4592 1124 4655 ideo
1142 4612 1270 4655 causam
1294 4614 1387 4656 suam
1411 4616 1485 4679 per·

217 4691 309 4773 didit,
335 4707 366 4756 et
389 4693 541 4756 Nicolaus
565 4693 651 4756 filius
675 4695 798 4758 Odolas
825 4695 918 4777 juder
944 4699 983 4759 de
1016 4719 1072 4761 sua
1098 4698 1304 4763 fideiussione
1329 4715 1376 4764 est
1401 4703 1483 4766 libe·

217 4813 304 4862 ratus
328 4813 360 4862 et
382 4800 559 4885 expeditus.
