3404 5362
220 331 280 393 186
600 331 686 389 Am
709 327 802 406 1382.
826 363 869 373 -
892 345 941 391 12.
965 329 1095 404 augusti.

320 544 399 607 Item
431 543 593 606 Iohannes
633 542 718 604 filius
750 542 868 605 Donati
903 539 1080 601 secundum
1116 539 1274 620 juditium
1307 539 1425 620 judicis
1453 552 1480 599 et

214 651 391 729 juratorum
417 650 456 712 de
474 649 576 712 fundo
600 668 659 711 suo
683 668 782 731 penes
798 647 985 730 Mykusium
1010 645 1147 708 condam
1172 645 1314 726 judicem
1335 644 1481 707 habitum

214 771 333 819 rectam
359 770 390 819 et
413 756 562 838 equalem
581 769 703 837 partem
728 774 764 816 ac
789 754 882 814 vinee
899 771 955 814 sue
980 753 1012 813 in
1029 751 1190 813 territorio
1215 763 1322 813 nostre
1347 751 1483 812 civitatis

214 863 321 925 habite
346 863 494 924 sImiliter
518 876 635 924 rectam
661 873 784 943 partem
807 858 944 921 Nicolao
973 857 1040 919 filio
1065 857 1194 919 Martini
1219 857 1385 919 Kuseuich
1409 856 1484 918 dare

214 969 330 1031 debeat
354 983 385 1030 et
407 982 565 1030 teneatur.

320 1074 399 1137 Item
424 1074 548 1136 Drasko
573 1073 613 1136 de
638 1072 771 1155 Dedych
795 1071 884 1134 solus
909 1071 941 1131 in
966 1089 1005 1131 eo
1030 1069 1156 1150 jurabit,
1188 1068 1276 1151 quod
1302 1069 1416 1131 Petrus
1440 1068 1485 1131 fa-

214 1180 321 1242 mulus
346 1180 449 1242 dictus
473 1179 689 1241 Namorsthna
714 1181 753 1240 ab
779 1197 817 1240 eo
842 1177 923 1238 duas
946 1195 1057 1258 capras
1088 1176 1270 1237 abstulisset
1295 1188 1326 1236 et
1350 1175 1483 1257 insuper

214 1287 247 1347 in
272 1305 321 1364 eo,
346 1299 500 1367 quantam
524 1287 695 1368 pecunIam
717 1285 799 1346 dicte
817 1302 912 1366 capre
935 1282 1121 1360 valuissent,
1146 1294 1177 1342 et
1194 1279 1257 1342 hoc
1279 1294 1396 1343 octavo
1421 1280 1483 1343 die.

321 1391 400 1453 Item
424 1391 587 1452 Iohannes
618 1390 704 1452 fiIIus
729 1389 855 1452 Lucasii
886 1388 1029 1450 secundo
1053 1408 1085 1448 se
1110 1388 1143 1449 in
1175 1406 1213 1448 eo
1237 1385 1366 1467 jurabit,
1392 1386 1482 1467 quod

215 1497 392 1579 Gregorius
416 1498 520 1559 dictus
544 1496 784 1559 Deuetizodech
810 1516 884 1558 eum
905 1495 1113 1573 vulnerasset,
1137 1506 1168 1555 et
1191 1493 1253 1554 hoc
1276 1508 1392 1554 octavo
1417 1492 1480 1555 die.

324 1604 401 1665 Item
427 1603 585 1665 Chwetna
608 1602 673 1664 filia
700 1602 796 1664 Blasii
814 1621 915 1682 usque
939 1601 1119 1681 quindenas
1135 1599 1266 1661 domine
1291 1603 1386 1659 Anne
1403 1618 1480 1660 con-

215 1710 293 1771 sorti
319 1709 410 1771 Pauli
435 1709 566 1791 pictoris
589 1708 669 1770 duas
693 1728 816 1769 marcas
840 1707 965 1769 solvere
989 1706 1094 1783 debet,
1119 1704 1217 1787 judici
1242 1724 1319 1766 vero
1340 1704 1483 1765 mediam

214 1835 354 1878 marcam
378 1836 436 1898 pro
460 1816 525 1876 suis
549 1815 739 1877 excessibus.

336 2015 432 2091 rena
460 2021 567 2090 tescit
595 2019 749 2107 proxIma
777 2025 853 2106 post
881 2016 1004 2087 festum
1034 2017 1145 2086 sancti
1173 2014 1361 2087 Laureucii.

726 2170 789 2250 (12.
825 2172 968 2244 augusti).

323 2311 401 2373 Item
431 2311 593 2372 Iohannes
626 2309 709 2372 filius
743 2309 919 2392 Mychaelis
949 2322 1059 2371 contra
1091 2307 1261 2369 domiuum
1294 2307 1482 2389 Mykusium

214 2433 328 2481 octavo
353 2417 405 2478 die
431 2416 647 2498 respondebit.

321 2523 398 2584 Item
424 2522 587 2583 Iohannes
611 2521 695 2583 filius
720 2521 803 2583 Petri
828 2534 939 2582 contra
969 2520 1150 2581 Iohannem
1182 2519 1279 2579 Liber
1304 2518 1411 2600 primo
1438 2518 1482 2579 ci-

214 2642 296 2691 tatus
321 2648 385 2689 non
411 2629 591 2709 comparuit

323 2734 400 2795 Item
426 2733 563 2815 Mykech
587 2732 672 2794 filius
702 2734 818 2814 Magde
850 2746 961 2794 contra
992 2731 1185 2793 Mauricium
1209 2743 1324 2792 octavo
1357 2730 1410 2792 dfe
1435 2749 1482 2790 re·

213 2840 396 2923 spondebit.

320 2945 397 3006 Item
415 2945 531 3026 Mykus
548 2943 686 3006 carnifex
713 2960 743 3006 et
760 2946 878 3007 Paulus
895 2945 1015 3007 Pulech
1033 2960 1143 3007 contra
1160 2945 1317 3007 Iacobum
1337 2943 1482 3006 secundo

214 3053 299 3114 citati
325 3072 391 3113 non
419 3066 678 3132 comparuerunt.

319 3158 398 3219 Item
422 3177 550 3218 causam
583 3158 752 3218 Laurencii
783 3157 875 3237 jurati
908 3173 1019 3221 contra
1052 3159 1226 3220 MartInum
1255 3157 1412 3239 Zekyrich
1440 3157 1480 3219 ad

214 3278 363 3326 octavum
388 3264 475 3325 diem
497 3277 592 3326 testes
615 3265 655 3325 ad
680 3283 791 3346 pacem
817 3279 1014 3346 receperunt.

320 3371 398 3432 Item
422 3390 516 3432 causa
541 3370 624 3431 Petri
649 3367 761 3431 famuli
780 3370 937 3453 Delasych
960 3384 1070 3433 contra
1096 3372 1310 3433 Laurencium
1335 3372 1478 3452 juratum

215 3477 253 3539 ad
279 3491 430 3539 octavum
454 3477 540 3538 diem
565 3477 605 3538 ad
630 3495 742 3557 pacem
767 3489 813 3537 est
836 3491 973 3559 recepta.

320 3585 399 3646 Item
424 3584 542 3645 Paulus
566 3581 725 3644 aurifaber
749 3598 858 3644 contra
887 3584 1044 3646 Iacobum
1070 3585 1213 3647 custodis
1237 3585 1342 3668 primo
1367 3585 1484 3649 citatus

214 3710 280 3752 non
304 3691 497 3772 comparuit.

322 3797 401 3858 Item
418 3795 583 3858 Corardus
607 3811 695 3859 sutor
712 3811 821 3858 contra
839 3796 978 3878 judicem
1004 3798 1146 3860 secundo
1164 3799 1278 3860 citatus
1301 3818 1368 3860 non
1392 3819 1482 3861 com·

213 3901 329 3984 paruit.

319 4007 398 4069 Item
411 4007 512 4069 Vorih
523 4007 639 4089 figulus
652 4025 764 4071 contra
773 4008 914 4090 judicem
928 4010 1071 4071 secundo
1085 4011 1199 4073 citatus
1211 4031 1277 4072 non
1287 4012 1481 4093 comparuit.

320 4113 399 4175 Item
424 4114 581 4176 MartInus
612 4115 769 4197 Zekyrich
794 4130 905 4179 contra
929 4114 1108 4197 Georgium
1137 4117 1243 4199 prImo
1267 4117 1383 4179 citatus
1415 4137 1481 4179 non

216 4219 406 4301 comparuit.

319 4325 398 4388 Item
424 4326 604 4408 Stephanus
628 4328 696 4388 Rez
727 4340 838 4389 contra
870 4328 1006 4389 Paulum
1031 4330 1187 4410 pictorem
1216 4345 1331 4392 octavo
1356 4330 1408 4392 die
1433 4351 1480 4392 re-

215 4432 397 4514 spondebit.

318 4538 396 4599 Item
422 4539 573 4599 Marenus
589 4538 728 4601 condam
745 4539 867 4621 juratus
884 4543 1040 4623 quasdam
1057 4543 1165 4605 literas
1181 4545 1315 4606 sabbato
1332 4545 1480 4627 proxIme

212 4656 347 4706 venturo
372 4646 430 4705 sub
455 4664 537 4724 pena
564 4645 675 4706 decem
700 4665 879 4708 marcarum
905 4649 1053 4711 exhibere
1079 4651 1174 4712 debet
1198 4664 1309 4712 contra
1334 4651 1479 4714 BlasIum

212 4748 421 4811 aurifabrum.

837 4857 952 4874 0000·—
