3404 5362
215 296 277 375 246
619 292 820 372 Ann01385.
844 329 886 338 —
909 291 962 356 28.
978 297 1064 372 julii.

214 508 351 586 malicia,
374 508 447 569 ideo
471 507 511 570 de
536 508 622 590 ipsis,
646 521 711 569 tam
736 505 776 568 de
808 507 878 589 ipso
902 506 1071 570 Clemente
1103 527 1200 589 quam
1226 507 1378 570 dedicta
1409 528 1471 569 mu·

213 615 302 694 liere,
318 615 400 676 sicut
422 614 461 677 de
485 615 603 676 talibus
620 612 881 676 malefactoribus
905 614 1046 677 vindicta
1063 630 1110 677 est
1125 616 1318 698 conscripta,
1344 629 1375 678 et
1391 616 1473 697 quod

214 720 300 783 idem
333 721 486 783 Clemens
510 740 583 783 cum
615 719 728 782 eadem
760 720 895 782 muliere
927 721 1168 783 matrimonium
1201 719 1382 802 fregissent,
1406 722 1475 803 quia

214 827 416 889 veracissime
441 827 473 888 in
497 827 639 908 predicta
664 826 790 887 malicia
815 823 946 889 fuerunt
970 826 1164 908 reprehensi.

373 1027 471 1101 Feria
499 1037 596 1101 sexta
624 1031 779 1118 proxima
808 1035 885 1117 post
911 1027 1035 1099 festum
1063 1030 1173 1100 sancti
1200 1027 1335 1118 Jacohi.

756 1177 825 1260 (28.
842 1179 943 1262 julia).

320 1321 398 1383 Item
432 1322 567 1404 Iurglyn
598 1322 728 1404 piliator
763 1336 873 1384 contra
910 1322 1093 1404 Myklmum
1124 1322 1230 1404 primo
1268 1324 1384 1385 citatus
1418 1343 1480 1385 nou

214 1428 404 1511 comparuit.

321 1534 398 1595 Item
423 1534 561 1595 Iacobus
577 1533 707 1616 pellifex
725 1548 835 1596 contra
852 1534 939 1616 Span
956 1535 1061 1616 prImo
1078 1535 1193 1596 citatus
1205 1554 1271 1596 non
1291 1535 1480 1617 comparuit.

320 1640 398 1701 Item
421 1640 574 1701 Nicolaus
598 1655 711 1702 octavo
735 1640 788 1702 die
814 1660 870 1722 per
893 1640 1059 1701 dominam
1089 1655 1271 1702 consortem
1298 1642 1424 1703 Nicolai
1450 1655 1480 1702 et

216 1745 379 1808 Matheum
397 1766 432 1807 ac
450 1747 588 1828 Popsam
612 1746 672 1807 hoc
696 1747 852 1823 atestabit‚
867 1746 955 1828 quod
973 1747 1040 1828 ipse
1064 1766 1137 1808 cum
1154 1747 1297 1827 quodam
1315 1766 1395 1809 cane
1412 1748 1479 1828 (sic)

214 1865 397 1914 consortem
424 1851 556 1933 Georgii
583 1853 685 1914 Sidou
710 1872 774 1913 non
799 1852 1013 1935 percussisset.

321 1958 399 2018 Item
420 1956 579 2039 Georgius
596 1959 698 2020 Sidou
715 1972 828 2019 octavo
845 1958 898 2020 die
915 1978 971 2040 per
988 1958 1136 2021 dominas
1152 1958 1313 2021 lanchech
1333 1974 1365 2021 et
1383 1960 1481 2021 Bene·

215 2062 291 2125 dicti
316 2079 480 2126 consortes
504 2064 564 2125 hoc
596 2065 752 2142 atestabit‚
785 2064 874 2146 quod
902 2084 994 2125 suam
1026 2078 1207 2127 consortem
1233 2065 1389 2127 Nicolaus
1413 2085 1480 2148 per·

215 2169 372 2231 euasisset.

321 2276 399 2337 Item
425 2274 585 2356 Georgius
610 2276 711 2337 Sidou
737 2291 847 2338 contra
872 2277 1038 2338 Matheum
1062 2290 1177 2338 octavo
1195 2275 1247 2338 die
1265 2275 1482 2358 respondebit.

321 2383 399 2444 Item
436 2383 630 2444 Benedictus
665 2396 695 2445 et
730 2384 841 2444 Petrus
873 2383 948 2445 dicti
982 2383 1146 2466 Scornych
1180 2398 1290 2445 contra
1327 2383 1482 2466 Zekyrich

215 2490 319 2571 primo
344 2490 430 2551 citati
456 2509 520 2551 non
546 2504 804 2571 comparuerunt.

321 2595 399 2656 Item
429 2597 554 2657 Mezera
587 2610 697 2658 contra
729 2596 911 2679 Myklinum
943 2596 1080 2658 condam
1113 2595 1253 2678 judicem
1287 2611 1404 2658 octavo
1429 2597 1479 2657 die

215 2700 433 2782 respondebit.

321 2806 399 2867 Item
424 2806 585 2866 lohannes
603 2807 769 2890 Praudych
794 2822 904 2870 contra
930 2809 1129 2890 Stephanum
1146 2808 1252 2892 primo
1277 2809 1395 2871 citatus
1420 2828 1483 2869 nou

215 2913 405 2993 comparuit.

321 3018 399 3078 Item
425 3036 517 3080 causa
544 3021 671 3081 Mezera
697 3037 806 3083 contra
823 3022 938 3084 Valesa
960 3020 1000 3082 ad
1026 3035 1175 3083 octavum
1201 3021 1288 3083 diem
1313 3022 1354 3082 ad
1373 3041 1483 3105 pacem

218 3137 264 3185 est
287 3138 426 3204 recepta.

320 3228 399 3290 Item
424 3228 593 3311 Gyaninus
616 3246 730 3293 octavo
755 3233 805 3293 die
829 3248 938 3295 contra
969 3233 1170 3295 Anthonium
1194 3232 1416 3316 respondebit.

321 3335 397 3396 Item
423 3336 570 3418 Mychael
596 3336 685 3398 faber
708 3353 820 3400 contra
842 3340 1042 3422 Mychaelem
1067 3340 1284 3402 stacunarium
1309 3340 1417 3422 primo
1442 3341 1483 3402 ci·

214 3455 299 3504 tatus
324 3462 388 3502 non
414 3444 603 3523 comparuit.

321 3547 399 3608 Item
418 3547 578 3628 Georgius
595 3550 836 3612 molendinator
852 3565 961 3612 contra
980 3552 1136 3614 Jacobum
1154 3552 1258 3633 primo
1276 3551 1393 3614 citatus
1418 3571 1482 3614 non

215 3654 406 3736 comparuit.

321 3759 399 3820 Item
424 3779 517 3821 causa
535 3759 647 3822 famuli
665 3762 821 3825 Anthonii
839 3779 948 3826 contra
966 3763 1144 3847 Petrenych
1168 3763 1208 3825 ad
1225 3776 1378 3825 octavum
1396 3764 1482 3826 diem

215 3865 255 3926 ad
279 3884 390 3946 pacem
416 3879 461 3925 est
485 3881 623 3948 recepta.

320 3970 398 4032 Item
424 3971 586 4033 lohannes
612 3973 771 4036 aurifaber
795 3989 904 4037 contra
928 3976 1115 4058 Philippum
1138 3988 1291 4038 sartorem
1318 3977 1427 4058 prImo
1445 3976 1484 4038 ci·

213 4089 298 4137 tatus
322 4096 387 4137 non
413 4080 603 4158 comparuit.

320 4182 398 4243 Item
424 4202 517 4244 causa
536 4182 649 4267 Cygan
667 4200 698 4246 et
721 4187 877 4248 Anthonii
903 4188 1018 4250 literati
1036 4202 1144 4250 contra
1170 4187 1355 4250 Iohannem
1380 4187 1484 4251 filium

215 4286 332 4349 Donati
358 4288 397 4348 ad
422 4302 572 4351 octavum
596 4291 682 4353 diem
708 4291 747 4351 ad
771 4312 883 4374 pacem
908 4307 954 4354 est
979 4309 1114 4376 recepta.

320 4394 398 4455 Item
425 4393 600 4476 Gregorius
617 4398 711 4479 Vyulr
735 4413 844 4459 contra
862 4399 1042 4462 Iohannem
1065 4398 1218 4482 Plahtych
1236 4399 1344 4482 primo
1370 4401 1485 4463 citatus

214 4519 279 4561 non
304 4504 494 4583 comparuit.

320 4606 397 4667 Item
424 4607 600 4690 Gregorius
624 4624 734 4673 contra
760 4612 905 4693 Dragech
930 4627 1043 4675 octavo
1068 4614 1120 4676 die
1144 4613 1364 4696 respondebit.

320 4713 398 4775 Item
423 4716 520 4797 Elyas
544 4736 660 4798 parvus
691 4731 802 4780 contra
831 4734 1013 4781 consortem
1045 4720 1176 4802 pictoris
1199 4721 1343 4782 secundo
1369 4722 1483 4785 citatus

215 4838 280 4880 non
306 4822 494 4901 comparuit.
