3404 5362
208 323 268 402 164
600 318 800 399 Ann01382.
827 355 865 365 -
889 334 919 399 7.
944 323 1059 383 martii.

260 543 271 564 '
310 535 386 598 Item
412 534 579 595 Emericus
595 547 705 594 contra
726 533 857 595 Petrum
873 547 1028 594 sartorem
1045 548 1161 595 octavo
1180 533 1232 596 die
1250 534 1474 616 respondebit.

308 643 387 704 Item
411 641 497 703 idem
522 640 688 702 Emericus
711 659 845 721 arcupar
869 653 977 701 contra
1004 640 1175 702 domiuum
1193 641 1319 703 Lucam
1344 641 1475 703 Bonioli

201 764 316 811 octavo
341 748 393 809 die
418 745 633 829 respondebit.

308 853 386 914 Item
410 851 586 933 Gregorius
617 850 855 912 Devetizodech
887 867 997 912 contra
1030 851 1233 933 Mychaelem
1267 851 1476 913 moleudiua-

202 973 304 1021 torem
329 959 434 1040 primo
458 958 571 1019 citatus
602 975 667 1018 non
692 957 884 1039 comparuit.

309 1065 387 1126 Item
409 1062 571 1124 Iohannes
603 1061 700 1124 Liber
732 1077 842 1124 contra
868 1063 931 1124 Res
962 1083 1018 1145 per
1042 1077 1139 1125 testes
1173 1061 1320 1125 efficaces
1352 1064 1477 1126 scilicet

203 1190 275 1233 cum
300 1170 444 1232 Iohanne
470 1187 567 1250 parvo
592 1182 623 1229 et
646 1167 800 1248 magistro
825 1167 939 1230 Gooch
963 1168 1103 1250 pellifice
1127 1183 1159 1231 et
1184 1168 1351 1251 Stephano
1370 1170 1477 1231 Nosar

204 1275 289 1337 dicto
306 1290 420 1337 octavo
438 1274 489 1335 die
506 1272 567 1335 hoc
584 1273 746 1334 attestabit
762 1273 851 1354 quod
865 1274 969 1354 ipsum
984 1275 1148 1336 Iohannes
1166 1294 1231 1336 non
1249 1275 1476 1357 vituperasset.

309 1381 386 1444 Item
411 1381 468 1441 Iak
493 1380 630 1440 Iacobus
654 1378 759 1440 dictus
784 1380 911 1461 Kupich
942 1395 1052 1442 contra
1078 1381 1194 1462 Vyden
1226 1382 1335 1462 primo
1360 1383 1478 1444 citatus

204 1507 269 1549 non
295 1486 484 1569 comparuit.

310 1594 386 1656 Item
413 1592 534 1675 Symon
560 1591 738 1654 Wlkouich
763 1607 873 1654 contra
894 1592 1104 1654 Salomonem
1130 1593 1237 1674 primo
1268 1593 1385 1654 citatus
1410 1614 1476 1656 non

204 1699 393 1783 comparuit.

309 1806 385 1867 Item
411 1804 496 1865 idem
522 1804 644 1887 Symon
668 1805 845 1866 Wlkouich
877 1819 987 1866 contra
1012 1805 1185 1867 Nicolaum
1219 1804 1325 1886 primo
1359 1805 1478 1868 citatus

204 1930 267 1974 non
293 1911 481 1992 comparuit.

309 2016 385 2078 Item
411 2035 504 2077 causa
530 2013 655 2080 Nicolai
682 2030 712 2077 et
743 2016 826 2077 Rees
849 2015 890 2076 ad
922 2031 1072 2077 octavum
1099 2016 1186 2077 diem
1221 2015 1262 2077 ad
1288 2036 1405 2098 pacem
1430 2031 1477 2080 est

203 2137 339 2205 recepta.

310 2229 385 2292 Item
410 2228 573 2290 Iohannes
595 2225 680 2289 lilius
705 2228 880 2311 Mychaelis
903 2242 1014 2290 contra
1039 2227 1171 2291 Gerdak
1197 2243 1271 2311 post
1295 2229 1476 2294 adventum

204 2337 348 2401 elusdem
374 2334 503 2397 Gerdak
529 2335 560 2395 ln
585 2334 690 2416 primo
715 2334 835 2415 judicio
860 2334 1079 2417 respondebit.

309 2444 385 2505 Item
419 2461 513 2503 causa
542 2440 684 2503 eiusdem
718 2441 873 2503 Iohannis
903 2455 1011 2503 contra
1044 2439 1162 2522 Gyuan
1194 2441 1477 2519 triccsImatorcm,

203 2549 287 2611 idem
314 2548 429 2630 Gyuan
455 2562 568 2608 octavo
592 2546 644 2608 die
669 2547 886 2628 respondebit.

308 2653 383 2717 Item
413 2653 496 2713 Iwan
529 2653 700 2734 Hlebopek
732 2667 843 2714 contra
875 2652 1075 2734 Stephanum
1110 2652 1214 2714 lilium
1248 2652 1341 2714 Pauli
1366 2654 1477 2735 prImo

203 2760 316 2823 citatus
340 2778 405 2820 nou
431 2758 620 2840 comparuit.

309 2865 387 2927 Item
412 2883 505 2924 causa
531 2863 614 2925 Petri
639 2863 905 2926 molendinatoris
929 2878 1039 2926 contra
1058 2864 1239 2945 Georgium
1265 2864 1474 2927 molendina·

203 2987 304 3034 torem
329 2971 369 3032 ad
394 2984 542 3031 octavum
567 2969 652 3030 diem
678 2971 717 3030 ad
743 2990 853 3052 pacem
879 2984 924 3032 est
948 2985 1085 3053 recepta.

307 3077 385 3139 Item
411 3075 571 3157 Georgius
595 3090 695 3137 sartor
719 3095 820 3157 usque
844 3077 1025 3157 quindenas
1059 3075 1224 3159 Stephano
1250 3077 1337 3139 dicto
1363 3077 1477 3161 Rady-

203 3183 320 3245 nouich
346 3183 442 3245 debet
464 3183 587 3244 solvere
618 3181 731 3263 viginti
763 3202 884 3243 marcas
916 3182 1124 3244 denariorum
1156 3183 1243 3244 iuxta
1268 3183 1367 3244 series
1402 3184 1477 3246 lite·

202 3309 306 3352 rarum
333 3289 471 3372 Mykusii
496 3289 633 3350 condam
651 3288 765 3367 judicis
789 3289 883 3349 nobis
907 3288 1033 3349 insede
1058 3286 1225 3366 judiciaria
1241 3289 1475 3352 exhibitarum.

308 3398 386 3458 Item
411 3396 529 3457 Paulus
554 3396 663 3478 Kypar
694 3410 804 3456 contra
836 3394 944 3456 Hareh
976 3393 1153 3476 pellificem
1189 3409 1304 3456 octavo
1338 3395 1391 3457 die
1426 3416 1476 3459 re·

203 3503 392 3585 spondebit.

309 3608 386 3670 Item
410 3628 505 3671 causa
528 3607 653 3669 Nicolai
678 3606 834 3669 carnificis
851 3622 881 3669 et
906 3606 1055 3688 Gregorii
1080 3607 1121 3668 ad
1148 3621 1300 3669 octavum
1325 3606 1416 3669 diem
1433 3609 1476 3671 ad

205 3735 313 3798 pacem
339 3730 386 3777 est
409 3727 547 3796 recepta.

307 3823 384 3883 Item
411 3840 504 3883 causa
533 3819 677 3881 eiusdem
710 3818 835 3880 NIcoIai
868 3834 978 3880 contra
1012 3820 1212 3881 Domianum
1245 3818 1285 3880 ad
1319 3833 1476 3883 octavum

203 3928 289 3990 diem
313 3927 354 3989 ad
378 3946 490 4010 pacem
516 3940 562 3988 est
590 3939 726 4007 recepta.

306 4035 384 4096 Item
403 4053 497 4094 causa
520 4032 646 4094 Nicolai
672 4031 809 4094 condam
834 4031 947 4112 judicis
973 4045 1083 4093 contra
1102 4032 1282 4094 Iohannem
1308 4033 1408 4095 Liber
1433 4034 1475 4096 ad

203 4153 352 4202 octavum
380 4139 465 4200 diem
490 4138 529 4200 ad
554 4157 665 4220 pacem
691 4151 737 4198 est
761 4151 896 4220 recepta.

310 4246 388 4307 Item
406 4264 501 4307 causa
526 4244 631 4326 Spaan
666 4256 696 4304 et
729 4242 883 4304 Iohannis
913 4241 1054 4304 Chemer
1088 4257 1135 4304 est
1158 4257 1335 4325 prorogata
1368 4264 1473 4326 usque

203 4350 376 4413 adventurn
407 4349 551 4411 eiusdem
583 4348 737 4411 iohannis
768 4350 823 4411 tali
856 4348 965 4428 modo,
1009 4349 1097 4429 quod
1131 4349 1299 4411 racionem
1332 4347 1476 4414 debeant

203 4458 284 4518 inter
307 4476 340 4518 se
365 4476 497 4539 ponere,
521 4455 601 4516 etsi
634 4474 711 4533 non,
744 4470 858 4517 extunc
882 4474 941 4516 nos
973 4455 1005 4516 in
1030 4455 1140 4536 primo
1174 4453 1295 4535 judicio
1319 4468 1393 4538 post
1416 4456 1473 4517 ad-

202 4577 334 4625 ventum
358 4583 451 4624 suum
476 4562 599 4643 justicie
623 4561 897 4643 complementum
923 4560 1087 4623 faciemus.

309 4668 386 4730 Item
405 4688 497 4730 cause
515 4666 631 4748 Magde
656 4680 766 4728 contra
783 4667 945 4728 Andream
962 4666 1002 4728 ad
1018 4682 1168 4729 octavum
1185 4667 1271 4728 diem
1297 4667 1339 4728 ad
1356 4687 1472 4749 pacem

203 4788 250 4835 est
272 4788 409 4856 recepta.
