<?xml version="1.0" encoding="UTF-8"?>
<!DOCTYPE html PUBLIC "-//W3C//DTD XHTML 1.0 Transitional//EN"
    "http://www.w3.org/TR/xhtml1/DTD/xhtml1-transitional.dtd">
<html xmlns="http://www.w3.org/1999/xhtml" xml:lang="en" lang="en">
 <head>
  <title>
</title>
<meta http-equiv="Content-Type" content="text/html;charset=utf-8" />
  <meta name='ocr-system' content='tesseract 3.04.00' />
  <meta name='ocr-capabilities' content='ocr_page ocr_carea ocr_par ocr_line ocrx_word'/>
</head>
<body>
  <div class='ocr_page' id='page_1' title='image "./monumentahistor04laszgoog/monumentahistor04laszgoog_0406.png"; bbox 0 0 3398 5364; ppageno 0'>
   <div class='ocr_carea' id='block_1_1' title="bbox 1416 367 1478 428">
    <p class='ocr_par' dir='ltr' id='par_1_1' title="bbox 1416 367 1478 428">
     <span class='ocr_line' id='line_1_1' title="bbox 1416 367 1478 428; baseline 0 -1"><span class='ocrx_word' id='word_1_1' title='bbox 1416 367 1478 428; x_wconf 85' lang='lat'>357</span> 
     </span>
    </p>
   </div>
   <div class='ocr_carea' id='block_1_2' title="bbox 217 450 1479 459">
    <p class='ocr_par' dir='ltr' id='par_1_2' title="bbox 217 450 1479 459">
     <span class='ocr_line' id='line_1_2' title="bbox 217 450 1479 459; baseline 0.001 -1"><span class='ocrx_word' id='word_1_2' title='bbox 217 451 625 459; x_wconf 78' lang='lat'><em>————-.—-—-</em></span> <span class='ocrx_word' id='word_1_3' title='bbox 636 452 646 457; x_wconf 88' lang='lat'>..</span> <span class='ocrx_word' id='word_1_4' title='bbox 670 450 996 456; x_wconf 80' lang='lat'><strong>---....—.—-—--——--</strong></span> <span class='ocrx_word' id='word_1_5' title='bbox 1003 451 1306 458; x_wconf 74' lang='lat'>——-...——.-.—-</span> <span class='ocrx_word' id='word_1_6' title='bbox 1320 453 1397 458; x_wconf 83' lang='lat'>——-</span> <span class='ocrx_word' id='word_1_7' title='bbox 1408 453 1479 459; x_wconf 81' lang='lat'>—-</span> 
     </span>
    </p>
   </div>
   <div class='ocr_carea' id='block_1_3' title="bbox 211 555 1481 1277">
    <p class='ocr_par' dir='ltr' id='par_1_3' title="bbox 211 555 1481 1277">
     <span class='ocr_line' id='line_1_3' title="bbox 319 555 1479 638; baseline 0.002 -22"><span class='ocrx_word' id='word_1_8' title='bbox 319 555 398 617; x_wconf 90' lang='lat' dir='ltr'>ltem</span> <span class='ocrx_word' id='word_1_9' title='bbox 422 557 510 638; x_wconf 93' lang='lat' dir='ltr'>quod</span> <span class='ocrx_word' id='word_1_10' title='bbox 535 556 610 638; x_wconf 90' lang='lat' dir='ltr'>quia</span> <span class='ocrx_word' id='word_1_11' title='bbox 636 555 805 638; x_wconf 88' lang='lat' dir='ltr'>Gyaninus</span> <span class='ocrx_word' id='word_1_12' title='bbox 824 556 892 617; x_wconf 88' lang='lat' dir='ltr'>Bnn</span> <span class='ocrx_word' id='word_1_13' title='bbox 919 556 1055 618; x_wconf 90' lang='lat' dir='ltr'>condam</span> <span class='ocrx_word' id='word_1_14' title='bbox 1076 555 1196 637; x_wconf 87' lang='lat' dir='ltr'>juratus</span> <span class='ocrx_word' id='word_1_15' title='bbox 1217 556 1301 618; x_wconf 88' lang='lat' dir='ltr'>filius</span> <span class='ocrx_word' id='word_1_16' title='bbox 1325 557 1479 620; x_wconf 87' lang='lat' dir='ltr'>Demetrii</span> 
     </span>
     <span class='ocr_line' id='line_1_4' title="bbox 214 662 1481 747; baseline 0.003 -24"><span class='ocrx_word' id='word_1_17' title='bbox 214 663 426 746; x_wconf 90' lang='lat' dir='ltr'>prescriptum</span> <span class='ocrx_word' id='word_1_18' title='bbox 450 683 543 724; x_wconf 90' lang='lat' dir='ltr'>suum</span> <span class='ocrx_word' id='word_1_19' title='bbox 568 662 783 744; x_wconf 79' lang='lat' dir='ltr'>juramentum</span> <span class='ocrx_word' id='word_1_20' title='bbox 808 681 879 723; x_wconf 90' lang='lat' dir='ltr'>cum</span> <span class='ocrx_word' id='word_1_21' title='bbox 913 663 979 723; x_wconf 91' lang='lat' dir='ltr'>suis</span> <span class='ocrx_word' id='word_1_22' title='bbox 1002 663 1259 744; x_wconf 89' lang='lat' dir='ltr'>conjuratoribus</span> <span class='ocrx_word' id='word_1_23' title='bbox 1291 663 1377 744; x_wconf 81' lang='lat' dir='ltr'>juxta</span> <span class='ocrx_word' id='word_1_24' title='bbox 1409 685 1481 747; x_wconf 94' lang='lat' dir='ltr'>pre-</span> 
     </span>
     <span class='ocr_line' id='line_1_5' title="bbox 213 768 1481 852; baseline 0 -20"><span class='ocrx_word' id='word_1_25' title='bbox 213 770 366 852; x_wconf 86' lang='lat' dir='ltr'>scriptam</span> <span class='ocrx_word' id='word_1_26' title='bbox 390 784 531 831; x_wconf 89' lang='lat' dir='ltr'>nostram</span> <span class='ocrx_word' id='word_1_27' title='bbox 556 768 756 850; x_wconf 82' lang='lat' dir='ltr'>judiciariam</span> <span class='ocrx_word' id='word_1_28' title='bbox 782 770 1044 831; x_wconf 82' lang='lat' dir='ltr'>commissionem</span> <span class='ocrx_word' id='word_1_29' title='bbox 1061 789 1156 851; x_wconf 90' lang='lat' dir='ltr'>super</span> <span class='ocrx_word' id='word_1_30' title='bbox 1180 789 1230 848; x_wconf 90' lang='lat' dir='ltr'>eo,</span> <span class='ocrx_word' id='word_1_31' title='bbox 1257 770 1345 851; x_wconf 92' lang='lat' dir='ltr'>quod</span> <span class='ocrx_word' id='word_1_32' title='bbox 1369 771 1481 833; x_wconf 88' lang='lat' dir='ltr'>Petrus</span> 
     </span>
     <span class='ocr_line' id='line_1_6' title="bbox 211 875 1479 959; baseline -0.001 -21"><span class='ocrx_word' id='word_1_33' title='bbox 211 875 299 939; x_wconf 84' lang='lat' dir='ltr'>filius</span> <span class='ocrx_word' id='word_1_34' title='bbox 323 875 418 937; x_wconf 91' lang='lat' dir='ltr'>Blask</span> <span class='ocrx_word' id='word_1_35' title='bbox 442 876 598 957; x_wconf 87' lang='lat' dir='ltr'>quasdam</span> <span class='ocrx_word' id='word_1_36' title='bbox 623 895 672 936; x_wconf 88' lang='lat' dir='ltr'>res</span> <span class='ocrx_word' id='word_1_37' title='bbox 696 895 769 936; x_wconf 87' lang='lat' dir='ltr'>suas</span> <span class='ocrx_word' id='word_1_38' title='bbox 799 875 1029 937; x_wconf 85' lang='lat' dir='ltr'>latrocinaliter</span> <span class='ocrx_word' id='word_1_39' title='bbox 1059 875 1229 957; x_wconf 85' lang='lat' dir='ltr'>spoliasset</span> <span class='ocrx_word' id='word_1_40' title='bbox 1253 890 1284 936; x_wconf 91' lang='lat' dir='ltr'>et</span> <span class='ocrx_word' id='word_1_41' title='bbox 1307 895 1383 937; x_wconf 90' lang='lat' dir='ltr'>suus</span> <span class='ocrx_word' id='word_1_42' title='bbox 1407 897 1479 959; x_wconf 86' lang='lat' dir='ltr'>spo·</span> 
     </span>
     <span class='ocr_line' id='line_1_7' title="bbox 212 980 1478 1064; baseline 0.001 -21"><span class='ocrx_word' id='word_1_43' title='bbox 212 982 310 1044; x_wconf 90' lang='lat' dir='ltr'>liator</span> <span class='ocrx_word' id='word_1_44' title='bbox 332 980 429 1044; x_wconf 88' lang='lat' dir='ltr'>luerit</span> <span class='ocrx_word' id='word_1_45' title='bbox 452 981 601 1064; x_wconf 83' lang='lat' dir='ltr'>deposuit</span> <span class='ocrx_word' id='word_1_46' title='bbox 617 996 651 1042; x_wconf 91' lang='lat' dir='ltr'>ut</span> <span class='ocrx_word' id='word_1_47' title='bbox 668 981 806 1043; x_wconf 86' lang='lat' dir='ltr'>debebat</span> <span class='ocrx_word' id='word_1_48' title='bbox 831 997 861 1043; x_wconf 91' lang='lat' dir='ltr'>et</span> <span class='ocrx_word' id='word_1_49' title='bbox 878 1002 952 1043; x_wconf 90' lang='lat' dir='ltr'>eum</span> <span class='ocrx_word' id='word_1_50' title='bbox 970 981 1121 1044; x_wconf 91' lang='lat' dir='ltr'>videlicet</span> <span class='ocrx_word' id='word_1_51' title='bbox 1139 982 1267 1043; x_wconf 90' lang='lat' dir='ltr'>Petrum</span> <span class='ocrx_word' id='word_1_52' title='bbox 1285 1001 1359 1043; x_wconf 88' lang='lat' dir='ltr'>cum</span> <span class='ocrx_word' id='word_1_53' title='bbox 1378 983 1478 1045; x_wconf 86' lang='lat' dir='ltr'>nostri</span> 
     </span>
     <span class='ocr_line' id='line_1_8' title="bbox 211 1085 1479 1170; baseline 0 -20"><span class='ocrx_word' id='word_1_54' title='bbox 211 1087 338 1170; x_wconf 86' lang='lat' dir='ltr'>justicia</span> <span class='ocrx_word' id='word_1_55' title='bbox 363 1107 457 1148; x_wconf 89' lang='lat' dir='ltr'>suum</span> <span class='ocrx_word' id='word_1_56' title='bbox 482 1107 548 1149; x_wconf 87' lang='lat' dir='ltr'>esse</span> <span class='ocrx_word' id='word_1_57' title='bbox 573 1085 647 1149; x_wconf 89' lang='lat' dir='ltr'>lecit</span> <span class='ocrx_word' id='word_1_58' title='bbox 678 1087 898 1169; x_wconf 88' lang='lat' dir='ltr'>spoliatorem,</span> <span class='ocrx_word' id='word_1_59' title='bbox 924 1087 997 1149; x_wconf 92' lang='lat' dir='ltr'>ideo</span> <span class='ocrx_word' id='word_1_60' title='bbox 1031 1088 1136 1169; x_wconf 90' lang='lat' dir='ltr'>ipsum</span> <span class='ocrx_word' id='word_1_61' title='bbox 1171 1088 1299 1150; x_wconf 86' lang='lat' dir='ltr'>Petrum</span> <span class='ocrx_word' id='word_1_62' title='bbox 1324 1101 1479 1170; x_wconf 91' lang='lat' dir='ltr'>tanquam</span> 
     </span>
     <span class='ocr_line' id='line_1_9' title="bbox 213 1193 1282 1277; baseline 0 -20"><span class='ocrx_word' id='word_1_63' title='bbox 213 1195 374 1257; x_wconf 90' lang='lat' dir='ltr'>latronem</span> <span class='ocrx_word' id='word_1_64' title='bbox 398 1195 551 1277; x_wconf 83' lang='lat' dir='ltr'>suspendi</span> <span class='ocrx_word' id='word_1_65' title='bbox 577 1193 711 1256; x_wconf 85' lang='lat' dir='ltr'>fecimus</span> <span class='ocrx_word' id='word_1_66' title='bbox 735 1195 821 1277; x_wconf 81' lang='lat' dir='ltr'>juxta</span> <span class='ocrx_word' id='word_1_67' title='bbox 846 1195 1111 1256; x_wconf 90' lang='lat' dir='ltr'>consvetudinem</span> <span class='ocrx_word' id='word_1_68' title='bbox 1136 1196 1282 1258; x_wconf 87' lang='lat' dir='ltr'>civitatis.</span> 
     </span>
    </p>
   </div>
   <div class='ocr_carea' id='block_1_4' title="bbox 334 1432 1337 1523">
    <p class='ocr_par' dir='ltr' id='par_1_4' title="bbox 334 1432 1337 1523">
     <span class='ocr_line' id='line_1_10' title="bbox 334 1432 1337 1523; baseline 0.001 -17"><span class='ocrx_word' id='word_1_69' title='bbox 334 1432 429 1507; x_wconf 82' lang='lat' dir='ltr'>Faria</span> <span class='ocrx_word' id='word_1_70' title='bbox 459 1442 558 1507; x_wconf 85' lang='lat' dir='ltr'>sexta</span> <span class='ocrx_word' id='word_1_71' title='bbox 587 1437 740 1523; x_wconf 86' lang='lat' dir='ltr'>proxima</span> <span class='ocrx_word' id='word_1_72' title='bbox 768 1442 845 1506; x_wconf 87' lang='lat' dir='ltr'>ante</span> <span class='ocrx_word' id='word_1_73' title='bbox 873 1435 995 1506; x_wconf 88' lang='lat' dir='ltr'>lestnm</span> <span class='ocrx_word' id='word_1_74' title='bbox 1023 1435 1134 1505; x_wconf 85' lang='lat' dir='ltr'>sancti</span> <span class='ocrx_word' id='word_1_75' title='bbox 1162 1433 1337 1507; x_wconf 88' lang='lat' dir='ltr'>Dominici.</span> 
     </span>
    </p>
   </div>
   <div class='ocr_carea' id='block_1_5' title="bbox 214 1601 1479 2324">
    <p class='ocr_par' dir='ltr' id='par_1_5' title="bbox 320 1601 1411 1686">
     <span class='ocr_line' id='line_1_11' title="bbox 320 1601 1411 1686; baseline 0 -22"><span class='ocrx_word' id='word_1_76' title='bbox 320 1603 398 1664; x_wconf 88' lang='lat' dir='ltr'>ltcm</span> <span class='ocrx_word' id='word_1_77' title='bbox 422 1602 608 1686; x_wconf 89' lang='lat' dir='ltr'>Bozoulych</span> <span class='ocrx_word' id='word_1_78' title='bbox 634 1616 742 1664; x_wconf 90' lang='lat' dir='ltr'>contra</span> <span class='ocrx_word' id='word_1_79' title='bbox 767 1603 948 1664; x_wconf 87' lang='lat' dir='ltr'>Fabianum</span> <span class='ocrx_word' id='word_1_80' title='bbox 973 1616 1086 1663; x_wconf 89' lang='lat' dir='ltr'>octavo</span> <span class='ocrx_word' id='word_1_81' title='bbox 1115 1602 1166 1663; x_wconf 90' lang='lat' dir='ltr'>die</span> <span class='ocrx_word' id='word_1_82' title='bbox 1192 1601 1411 1685; x_wconf 88' lang='lat' dir='ltr'>respondebit.</span> 
     </span>
    </p>

    <p class='ocr_par' dir='ltr' id='par_1_6' title="bbox 214 1707 1479 2004">
     <span class='ocr_line' id='line_1_12' title="bbox 321 1707 1479 1791; baseline -0.001 -21"><span class='ocrx_word' id='word_1_83' title='bbox 321 1709 398 1771; x_wconf 93' lang='lat' dir='ltr'>Item</span> <span class='ocrx_word' id='word_1_84' title='bbox 426 1709 543 1770; x_wconf 89' lang='lat' dir='ltr'>lwania</span> <span class='ocrx_word' id='word_1_85' title='bbox 569 1708 684 1770; x_wconf 91' lang='lat' dir='ltr'>mulier</span> <span class='ocrx_word' id='word_1_86' title='bbox 716 1708 881 1770; x_wconf 89' lang='lat' dir='ltr'>Thomam</span> <span class='ocrx_word' id='word_1_87' title='bbox 905 1707 1008 1770; x_wconf 90' lang='lat' dir='ltr'>filium</span> <span class='ocrx_word' id='word_1_88' title='bbox 1041 1708 1170 1769; x_wconf 85' lang='lat' dir='ltr'>Andree</span> <span class='ocrx_word' id='word_1_89' title='bbox 1201 1727 1298 1791; x_wconf 89' lang='lat' dir='ltr'>super</span> <span class='ocrx_word' id='word_1_90' title='bbox 1321 1708 1479 1771; x_wconf 87' lang='lat' dir='ltr'>universis</span> 
     </span>
     <span class='ocr_line' id='line_1_13' title="bbox 214 1813 1478 1897; baseline -0.002 -19"><span class='ocrx_word' id='word_1_91' title='bbox 214 1816 318 1878; x_wconf 87' lang='lat' dir='ltr'>causis</span> <span class='ocrx_word' id='word_1_92' title='bbox 342 1829 372 1877; x_wconf 90' lang='lat' dir='ltr'>et</span> <span class='ocrx_word' id='word_1_93' title='bbox 396 1815 594 1897; x_wconf 86' lang='lat' dir='ltr'>quibuslibet</span> <span class='ocrx_word' id='word_1_94' title='bbox 618 1815 734 1877; x_wconf 91' lang='lat' dir='ltr'>debitis</span> <span class='ocrx_word' id='word_1_95' title='bbox 759 1835 860 1896; x_wconf 91' lang='lat' dir='ltr'>usque</span> <span class='ocrx_word' id='word_1_96' title='bbox 879 1834 962 1876; x_wconf 90' lang='lat' dir='ltr'>nunc</span> <span class='ocrx_word' id='word_1_97' title='bbox 988 1813 1105 1876; x_wconf 91' lang='lat' dir='ltr'>habitis</span> <span class='ocrx_word' id='word_1_98' title='bbox 1121 1813 1311 1876; x_wconf 87' lang='lat' dir='ltr'>reddidisset</span> <span class='ocrx_word' id='word_1_99' title='bbox 1336 1829 1366 1876; x_wconf 90' lang='lat' dir='ltr'>et</span> <span class='ocrx_word' id='word_1_100' title='bbox 1391 1834 1478 1876; x_wconf 92' lang='lat' dir='ltr'>com·</span> 
     </span>
     <span class='ocr_line' id='line_1_14' title="bbox 214 1921 574 2004; baseline -0.003 -20"><span class='ocrx_word' id='word_1_101' title='bbox 214 1922 352 1984; x_wconf 88' lang='lat' dir='ltr'>misisset</span> <span class='ocrx_word' id='word_1_102' title='bbox 377 1921 574 2004; x_wconf 89' lang='lat' dir='ltr'>expeditum.</span> 
     </span>
    </p>

    <p class='ocr_par' dir='ltr' id='par_1_7' title="bbox 321 2028 1335 2110">
     <span class='ocr_line' id='line_1_15' title="bbox 321 2028 1335 2110; baseline 0 -21"><span class='ocrx_word' id='word_1_103' title='bbox 321 2028 398 2090; x_wconf 94' lang='lat' dir='ltr'>ltem</span> <span class='ocrx_word' id='word_1_104' title='bbox 424 2029 506 2089; x_wconf 83' lang='lat' dir='ltr'>Rces</span> <span class='ocrx_word' id='word_1_105' title='bbox 530 2042 638 2090; x_wconf 92' lang='lat' dir='ltr'>contra</span> <span class='ocrx_word' id='word_1_106' title='bbox 665 2029 760 2089; x_wconf 91' lang='lat' dir='ltr'>Liber</span> <span class='ocrx_word' id='word_1_107' title='bbox 784 2029 889 2110; x_wconf 92' lang='lat' dir='ltr'>primo</span> <span class='ocrx_word' id='word_1_108' title='bbox 917 2029 1030 2089; x_wconf 90' lang='lat' dir='ltr'>citatus</span> <span class='ocrx_word' id='word_1_109' title='bbox 1054 2047 1119 2088; x_wconf 88' lang='lat' dir='ltr'>non</span> <span class='ocrx_word' id='word_1_110' title='bbox 1145 2028 1335 2110; x_wconf 84' lang='lat' dir='ltr'>comparuit.</span> 
     </span>
    </p>

    <p class='ocr_par' dir='ltr' id='par_1_8' title="bbox 214 2133 1478 2324">
     <span class='ocr_line' id='line_1_16' title="bbox 321 2133 1478 2218; baseline 0.001 -23"><span class='ocrx_word' id='word_1_111' title='bbox 321 2134 399 2196; x_wconf 90' lang='lat' dir='ltr'>ltem</span> <span class='ocrx_word' id='word_1_112' title='bbox 423 2155 517 2196; x_wconf 87' lang='lat' dir='ltr'>causa</span> <span class='ocrx_word' id='word_1_113' title='bbox 544 2135 719 2218; x_wconf 88' lang='lat' dir='ltr'>Mychaelis</span> <span class='ocrx_word' id='word_1_114' title='bbox 749 2149 858 2196; x_wconf 89' lang='lat' dir='ltr'>contra</span> <span class='ocrx_word' id='word_1_115' title='bbox 884 2134 1040 2218; x_wconf 88' lang='lat' dir='ltr'>Zekyrich</span> <span class='ocrx_word' id='word_1_116' title='bbox 1073 2134 1113 2195; x_wconf 92' lang='lat' dir='ltr'>ad</span> <span class='ocrx_word' id='word_1_117' title='bbox 1145 2148 1294 2195; x_wconf 90' lang='lat' dir='ltr'>octavum</span> <span class='ocrx_word' id='word_1_118' title='bbox 1326 2133 1412 2196; x_wconf 92' lang='lat' dir='ltr'>diem</span> <span class='ocrx_word' id='word_1_119' title='bbox 1437 2134 1478 2196; x_wconf 91' lang='lat' dir='ltr'>ad</span> 
     </span>
     <span class='ocr_line' id='line_1_17' title="bbox 214 2256 558 2324; baseline -0.003 -20"><span class='ocrx_word' id='word_1_120' title='bbox 214 2260 326 2324; x_wconf 81' lang='lat' dir='ltr'>pacem</span> <span class='ocrx_word' id='word_1_121' title='bbox 352 2256 398 2302; x_wconf 88' lang='lat' dir='ltr'>est</span> <span class='ocrx_word' id='word_1_122' title='bbox 421 2256 558 2323; x_wconf 90' lang='lat' dir='ltr'>recepta.</span> 
     </span>
    </p>
   </div>
   <div class='ocr_carea' id='block_1_6' title="bbox 213 2365 1480 4896">
    <p class='ocr_par' dir='ltr' id='par_1_9' title="bbox 215 2365 1480 2749">
     <span class='ocr_line' id='line_1_18' title="bbox 321 2365 1478 2448; baseline 0.001 -22"><span class='ocrx_word' id='word_1_123' title='bbox 321 2365 399 2428; x_wconf 91' lang='lat' dir='ltr'>ltem</span> <span class='ocrx_word' id='word_1_124' title='bbox 432 2365 543 2427; x_wconf 87' lang='lat' dir='ltr'>Raden</span> <span class='ocrx_word' id='word_1_125' title='bbox 576 2366 759 2428; x_wconf 90' lang='lat' dir='ltr'>Emericum</span> <span class='ocrx_word' id='word_1_126' title='bbox 791 2385 978 2448; x_wconf 90' lang='lat' dir='ltr'>arcuparem</span> <span class='ocrx_word' id='word_1_127' title='bbox 1010 2385 1105 2447; x_wconf 90' lang='lat' dir='ltr'>super</span> <span class='ocrx_word' id='word_1_128' title='bbox 1137 2385 1196 2427; x_wconf 90' lang='lat' dir='ltr'>suo</span> <span class='ocrx_word' id='word_1_129' title='bbox 1227 2366 1358 2427; x_wconf 87' lang='lat' dir='ltr'>vulnere</span> <span class='ocrx_word' id='word_1_130' title='bbox 1392 2386 1478 2427; x_wconf 90' lang='lat' dir='ltr'>com-</span> 
     </span>
     <span class='ocr_line' id='line_1_19' title="bbox 215 2472 1480 2555; baseline -0.001 -22"><span class='ocrx_word' id='word_1_131' title='bbox 215 2472 301 2534; x_wconf 88' lang='lat' dir='ltr'>misit</span> <span class='ocrx_word' id='word_1_132' title='bbox 325 2472 509 2555; x_wconf 84' lang='lat' dir='ltr'>expeditum</span> <span class='ocrx_word' id='word_1_133' title='bbox 541 2472 583 2533; x_wconf 89' lang='lat' dir='ltr'>ita</span> <span class='ocrx_word' id='word_1_134' title='bbox 616 2486 734 2551; x_wconf 90' lang='lat' dir='ltr'>tamen,</span> <span class='ocrx_word' id='word_1_135' title='bbox 766 2472 853 2554; x_wconf 90' lang='lat' dir='ltr'>quod</span> <span class='ocrx_word' id='word_1_136' title='bbox 886 2472 972 2533; x_wconf 94' lang='lat' dir='ltr'>idem</span> <span class='ocrx_word' id='word_1_137' title='bbox 1005 2473 1171 2535; x_wconf 87' lang='lat' dir='ltr'>Emericus</span> <span class='ocrx_word' id='word_1_138' title='bbox 1202 2485 1324 2554; x_wconf 89' lang='lat' dir='ltr'>septem</span> <span class='ocrx_word' id='word_1_139' title='bbox 1358 2491 1480 2533; x_wconf 90' lang='lat' dir='ltr'>marcas</span> 
     </span>
     <span class='ocr_line' id='line_1_20' title="bbox 215 2578 1479 2660; baseline 0 -21"><span class='ocrx_word' id='word_1_140' title='bbox 215 2578 420 2640; x_wconf 89' lang='lat' dir='ltr'>denariorum</span> <span class='ocrx_word' id='word_1_141' title='bbox 445 2578 549 2640; x_wconf 91' lang='lat' dir='ltr'>eidem</span> <span class='ocrx_word' id='word_1_142' title='bbox 577 2579 688 2641; x_wconf 87' lang='lat' dir='ltr'>Raden</span> <span class='ocrx_word' id='word_1_143' title='bbox 713 2598 814 2660; x_wconf 92' lang='lat' dir='ltr'>usque</span> <span class='ocrx_word' id='word_1_144' title='bbox 831 2578 1011 2660; x_wconf 90' lang='lat' dir='ltr'>quindenas</span> <span class='ocrx_word' id='word_1_145' title='bbox 1035 2578 1160 2640; x_wconf 89' lang='lat' dir='ltr'>solvere</span> <span class='ocrx_word' id='word_1_146' title='bbox 1177 2578 1272 2641; x_wconf 91' lang='lat' dir='ltr'>debet</span> <span class='ocrx_word' id='word_1_147' title='bbox 1297 2591 1328 2639; x_wconf 88' lang='lat' dir='ltr'>ct</span> <span class='ocrx_word' id='word_1_148' title='bbox 1351 2578 1479 2639; x_wconf 90' lang='lat' dir='ltr'>medico</span> 
     </span>
     <span class='ocr_line' id='line_1_21' title="bbox 215 2684 405 2749; baseline 0.011 -3"><span class='ocrx_word' id='word_1_149' title='bbox 215 2684 405 2749; x_wconf 84' lang='lat' dir='ltr'>satisfacere.</span> 
     </span>
    </p>

    <p class='ocr_par' dir='ltr' id='par_1_10' title="bbox 321 2791 1354 2875">
     <span class='ocr_line' id='line_1_22' title="bbox 321 2791 1354 2875; baseline 0.001 -22"><span class='ocrx_word' id='word_1_150' title='bbox 321 2792 399 2854; x_wconf 91' lang='lat' dir='ltr'>ltem</span> <span class='ocrx_word' id='word_1_151' title='bbox 424 2792 535 2853; x_wconf 88' lang='lat' dir='ltr'>Kusko</span> <span class='ocrx_word' id='word_1_152' title='bbox 559 2805 668 2854; x_wconf 86' lang='lat' dir='ltr'>contra</span> <span class='ocrx_word' id='word_1_153' title='bbox 693 2792 895 2854; x_wconf 85' lang='lat' dir='ltr'>Anthonium</span> <span class='ocrx_word' id='word_1_154' title='bbox 920 2806 1034 2854; x_wconf 91' lang='lat' dir='ltr'>octavo</span> <span class='ocrx_word' id='word_1_155' title='bbox 1059 2793 1111 2854; x_wconf 92' lang='lat' dir='ltr'>die</span> <span class='ocrx_word' id='word_1_156' title='bbox 1136 2791 1354 2875; x_wconf 88' lang='lat' dir='ltr'>respondebit.</span> 
     </span>
    </p>

    <p class='ocr_par' dir='ltr' id='par_1_11' title="bbox 216 2898 1479 3087">
     <span class='ocr_line' id='line_1_23' title="bbox 321 2898 1479 2982; baseline 0 -22"><span class='ocrx_word' id='word_1_157' title='bbox 321 2899 398 2962; x_wconf 91' lang='lat' dir='ltr'>ltem</span> <span class='ocrx_word' id='word_1_158' title='bbox 430 2918 523 2960; x_wconf 86' lang='lat' dir='ltr'>causa</span> <span class='ocrx_word' id='word_1_159' title='bbox 548 2899 632 2960; x_wconf 91' lang='lat' dir='ltr'>lwan</span> <span class='ocrx_word' id='word_1_160' title='bbox 659 2898 810 2982; x_wconf 88' lang='lat' dir='ltr'>Loytrich</span> <span class='ocrx_word' id='word_1_161' title='bbox 835 2913 944 2961; x_wconf 89' lang='lat' dir='ltr'>contra</span> <span class='ocrx_word' id='word_1_162' title='bbox 971 2900 1148 2982; x_wconf 89' lang='lat' dir='ltr'>Symonem</span> <span class='ocrx_word' id='word_1_163' title='bbox 1165 2899 1341 2961; x_wconf 89' lang='lat' dir='ltr'>salivenam</span> <span class='ocrx_word' id='word_1_164' title='bbox 1368 2898 1408 2960; x_wconf 90' lang='lat' dir='ltr'>ad</span> <span class='ocrx_word' id='word_1_165' title='bbox 1425 2917 1479 2960; x_wconf 87' lang='lat' dir='ltr'>oc·</span> 
     </span>
     <span class='ocr_line' id='line_1_24' title="bbox 216 3005 869 3087; baseline 0 -20"><span class='ocrx_word' id='word_1_166' title='bbox 216 3019 324 3068; x_wconf 82' lang='lat' dir='ltr'>tarum</span> <span class='ocrx_word' id='word_1_167' title='bbox 350 3005 435 3066; x_wconf 91' lang='lat' dir='ltr'>diem</span> <span class='ocrx_word' id='word_1_168' title='bbox 460 3005 499 3067; x_wconf 90' lang='lat' dir='ltr'>ad</span> <span class='ocrx_word' id='word_1_169' title='bbox 525 3024 637 3087; x_wconf 88' lang='lat' dir='ltr'>pacem</span> <span class='ocrx_word' id='word_1_170' title='bbox 661 3019 708 3068; x_wconf 89' lang='lat' dir='ltr'>est</span> <span class='ocrx_word' id='word_1_171' title='bbox 732 3020 869 3087; x_wconf 89' lang='lat' dir='ltr'>recepta.</span> 
     </span>
    </p>

    <p class='ocr_par' dir='ltr' id='par_1_12' title="bbox 215 3111 1478 3301">
     <span class='ocr_line' id='line_1_25' title="bbox 321 3111 1478 3195; baseline 0.001 -23"><span class='ocrx_word' id='word_1_172' title='bbox 321 3111 399 3173; x_wconf 90' lang='lat' dir='ltr'>ltem</span> <span class='ocrx_word' id='word_1_173' title='bbox 424 3112 585 3174; x_wconf 87' lang='lat' dir='ltr'>Johannes</span> <span class='ocrx_word' id='word_1_174' title='bbox 619 3111 703 3174; x_wconf 89' lang='lat' dir='ltr'>filius</span> <span class='ocrx_word' id='word_1_175' title='bbox 733 3112 910 3195; x_wconf 87' lang='lat' dir='ltr'>Mychaelis</span> <span class='ocrx_word' id='word_1_176' title='bbox 940 3127 1049 3175; x_wconf 87' lang='lat' dir='ltr'>contra</span> <span class='ocrx_word' id='word_1_177' title='bbox 1079 3113 1270 3175; x_wconf 87' lang='lat' dir='ltr'>Mauricium</span> <span class='ocrx_word' id='word_1_178' title='bbox 1296 3114 1401 3195; x_wconf 92' lang='lat' dir='ltr'>primo</span> <span class='ocrx_word' id='word_1_179' title='bbox 1435 3113 1478 3173; x_wconf 90' lang='lat' dir='ltr'>ci-</span> 
     </span>
     <span class='ocr_line' id='line_1_26' title="bbox 215 3219 599 3301; baseline 0.005 -21"><span class='ocrx_word' id='word_1_180' title='bbox 215 3231 298 3280; x_wconf 89' lang='lat' dir='ltr'>tatus</span> <span class='ocrx_word' id='word_1_181' title='bbox 321 3238 386 3280; x_wconf 91' lang='lat' dir='ltr'>non</span> <span class='ocrx_word' id='word_1_182' title='bbox 410 3219 599 3301; x_wconf 88' lang='lat' dir='ltr'>comparuit.</span> 
     </span>
    </p>

    <p class='ocr_par' dir='ltr' id='par_1_13' title="bbox 216 3324 1478 3495">
     <span class='ocr_line' id='line_1_27' title="bbox 321 3324 1478 3409; baseline 0 -23"><span class='ocrx_word' id='word_1_183' title='bbox 321 3325 399 3386; x_wconf 92' lang='lat' dir='ltr'>ltem</span> <span class='ocrx_word' id='word_1_184' title='bbox 426 3325 586 3406; x_wconf 80' lang='lat' dir='ltr'>Georgius</span> <span class='ocrx_word' id='word_1_185' title='bbox 610 3345 682 3387; x_wconf 91' lang='lat' dir='ltr'>cum</span> <span class='ocrx_word' id='word_1_186' title='bbox 709 3324 860 3409; x_wconf 90' lang='lat' dir='ltr'>Gyanino</span> <span class='ocrx_word' id='word_1_187' title='bbox 894 3325 960 3387; x_wconf 87' lang='lat' dir='ltr'>filio</span> <span class='ocrx_word' id='word_1_188' title='bbox 993 3325 1169 3408; x_wconf 88' lang='lat' dir='ltr'>Mychaelis</span> <span class='ocrx_word' id='word_1_189' title='bbox 1200 3345 1302 3406; x_wconf 90' lang='lat' dir='ltr'>usque</span> <span class='ocrx_word' id='word_1_190' title='bbox 1328 3340 1478 3387; x_wconf 88' lang='lat' dir='ltr'>octavum</span> 
     </span>
     <span class='ocr_line' id='line_1_28' title="bbox 216 3430 772 3495; baseline 0.004 -2"><span class='ocrx_word' id='word_1_191' title='bbox 216 3431 301 3493; x_wconf 92' lang='lat' dir='ltr'>diem</span> <span class='ocrx_word' id='word_1_192' title='bbox 326 3432 488 3493; x_wconf 89' lang='lat' dir='ltr'>racionem</span> <span class='ocrx_word' id='word_1_193' title='bbox 514 3430 617 3495; x_wconf 89' lang='lat' dir='ltr'>lacere</span> <span class='ocrx_word' id='word_1_194' title='bbox 642 3432 772 3495; x_wconf 91' lang='lat' dir='ltr'>debent.</span> 
     </span>
    </p>

    <p class='ocr_par' dir='ltr' id='par_1_14' title="bbox 215 3537 1478 3727">
     <span class='ocr_line' id='line_1_29' title="bbox 321 3537 1478 3622; baseline 0 -22"><span class='ocrx_word' id='word_1_195' title='bbox 321 3538 397 3600; x_wconf 92' lang='lat' dir='ltr'>ltem</span> <span class='ocrx_word' id='word_1_196' title='bbox 431 3558 524 3599; x_wconf 87' lang='lat' dir='ltr'>causa</span> <span class='ocrx_word' id='word_1_197' title='bbox 558 3537 706 3620; x_wconf 84' lang='lat' dir='ltr'>Gregorii</span> <span class='ocrx_word' id='word_1_198' title='bbox 745 3539 897 3622; x_wconf 86' lang='lat' dir='ltr'>Pondych</span> <span class='ocrx_word' id='word_1_199' title='bbox 930 3553 1039 3601; x_wconf 90' lang='lat' dir='ltr'>contra</span> <span class='ocrx_word' id='word_1_200' title='bbox 1072 3539 1239 3602; x_wconf 89' lang='lat' dir='ltr'>Marenum</span> <span class='ocrx_word' id='word_1_201' title='bbox 1265 3538 1405 3617; x_wconf 91' lang='lat' dir='ltr'>juratum</span> <span class='ocrx_word' id='word_1_202' title='bbox 1437 3539 1478 3600; x_wconf 91' lang='lat' dir='ltr'>ad</span> 
     </span>
     <span class='ocr_line' id='line_1_30' title="bbox 215 3645 911 3727; baseline 0.003 -21"><span class='ocrx_word' id='word_1_203' title='bbox 215 3659 363 3706; x_wconf 91' lang='lat' dir='ltr'>octavum</span> <span class='ocrx_word' id='word_1_204' title='bbox 388 3645 473 3706; x_wconf 93' lang='lat' dir='ltr'>diem</span> <span class='ocrx_word' id='word_1_205' title='bbox 498 3645 538 3706; x_wconf 93' lang='lat' dir='ltr'>ad</span> <span class='ocrx_word' id='word_1_206' title='bbox 563 3665 675 3727; x_wconf 91' lang='lat' dir='ltr'>pacem</span> <span class='ocrx_word' id='word_1_207' title='bbox 700 3660 746 3707; x_wconf 90' lang='lat' dir='ltr'>est</span> <span class='ocrx_word' id='word_1_208' title='bbox 775 3659 911 3727; x_wconf 86' lang='lat' dir='ltr'>recepta.</span> 
     </span>
    </p>

    <p class='ocr_par' dir='ltr' id='par_1_15' title="bbox 320 3751 1476 3835">
     <span class='ocr_line' id='line_1_31' title="bbox 320 3751 1476 3835; baseline 0.002 -23"><span class='ocrx_word' id='word_1_209' title='bbox 320 3751 398 3812; x_wconf 92' lang='lat' dir='ltr'>ltem</span> <span class='ocrx_word' id='word_1_210' title='bbox 423 3751 569 3813; x_wconf 89' lang='lat' dir='ltr'>Matheus</span> <span class='ocrx_word' id='word_1_211' title='bbox 593 3765 702 3814; x_wconf 92' lang='lat' dir='ltr'>contra</span> <span class='ocrx_word' id='word_1_212' title='bbox 728 3752 905 3833; x_wconf 84' lang='lat' dir='ltr'>Georgium</span> <span class='ocrx_word' id='word_1_213' title='bbox 930 3755 1035 3834; x_wconf 91' lang='lat' dir='ltr'>primo</span> <span class='ocrx_word' id='word_1_214' title='bbox 1059 3753 1174 3815; x_wconf 87' lang='lat' dir='ltr'>citatus</span> <span class='ocrx_word' id='word_1_215' title='bbox 1201 3772 1266 3813; x_wconf 90' lang='lat' dir='ltr'>non</span> <span class='ocrx_word' id='word_1_216' title='bbox 1284 3753 1476 3835; x_wconf 90' lang='lat' dir='ltr'>comparuit.</span> 
     </span>
    </p>

    <p class='ocr_par' dir='ltr' id='par_1_16' title="bbox 216 3857 1477 4046">
     <span class='ocr_line' id='line_1_32' title="bbox 321 3857 1477 3942; baseline 0.002 -24"><span class='ocrx_word' id='word_1_217' title='bbox 321 3857 398 3919; x_wconf 92' lang='lat' dir='ltr'>ltem</span> <span class='ocrx_word' id='word_1_218' title='bbox 424 3877 517 3920; x_wconf 89' lang='lat' dir='ltr'>causa</span> <span class='ocrx_word' id='word_1_219' title='bbox 550 3858 657 3921; x_wconf 88' lang='lat' dir='ltr'>Endre</span> <span class='ocrx_word' id='word_1_220' title='bbox 691 3859 756 3941; x_wconf 89' lang='lat' dir='ltr'>Syb</span> <span class='ocrx_word' id='word_1_221' title='bbox 788 3873 897 3920; x_wconf 91' lang='lat' dir='ltr'>contra</span> <span class='ocrx_word' id='word_1_222' title='bbox 922 3858 1037 3942; x_wconf 91' lang='lat' dir='ltr'>Elyam</span> <span class='ocrx_word' id='word_1_223' title='bbox 1069 3859 1109 3920; x_wconf 91' lang='lat' dir='ltr'>ad</span> <span class='ocrx_word' id='word_1_224' title='bbox 1142 3873 1292 3920; x_wconf 89' lang='lat' dir='ltr'>octavum</span> <span class='ocrx_word' id='word_1_225' title='bbox 1317 3858 1404 3920; x_wconf 91' lang='lat' dir='ltr'>diem</span> <span class='ocrx_word' id='word_1_226' title='bbox 1437 3859 1477 3920; x_wconf 92' lang='lat' dir='ltr'>ad</span> 
     </span>
     <span class='ocr_line' id='line_1_33' title="bbox 216 3977 558 4046; baseline 0.009 -22"><span class='ocrx_word' id='word_1_227' title='bbox 216 3982 325 4046; x_wconf 87' lang='lat' dir='ltr'>pacem</span> <span class='ocrx_word' id='word_1_228' title='bbox 352 3977 398 4025; x_wconf 88' lang='lat' dir='ltr'>est</span> <span class='ocrx_word' id='word_1_229' title='bbox 421 3978 558 4046; x_wconf 90' lang='lat' dir='ltr'>recepta.</span> 
     </span>
    </p>

    <p class='ocr_par' dir='ltr' id='par_1_17' title="bbox 215 4069 1479 4259">
     <span class='ocr_line' id='line_1_34' title="bbox 321 4069 1479 4154; baseline 0.002 -23"><span class='ocrx_word' id='word_1_230' title='bbox 321 4070 399 4131; x_wconf 91' lang='lat' dir='ltr'>ltem</span> <span class='ocrx_word' id='word_1_231' title='bbox 427 4070 589 4133; x_wconf 87' lang='lat' dir='ltr'>lohannes</span> <span class='ocrx_word' id='word_1_232' title='bbox 620 4084 651 4132; x_wconf 91' lang='lat' dir='ltr'>et</span> <span class='ocrx_word' id='word_1_233' title='bbox 682 4071 779 4154; x_wconf 86' lang='lat' dir='ltr'>Elyss</span> <span class='ocrx_word' id='word_1_234' title='bbox 810 4091 926 4153; x_wconf 90' lang='lat' dir='ltr'>parvus</span> <span class='ocrx_word' id='word_1_235' title='bbox 949 4071 989 4133; x_wconf 90' lang='lat' dir='ltr'>ad</span> <span class='ocrx_word' id='word_1_236' title='bbox 1016 4071 1214 4154; x_wconf 84' lang='lat' dir='ltr'>Stephanum</span> <span class='ocrx_word' id='word_1_237' title='bbox 1238 4069 1419 4133; x_wconf 86' lang='lat' dir='ltr'>carnificem</span> <span class='ocrx_word' id='word_1_238' title='bbox 1445 4091 1479 4133; x_wconf 90' lang='lat' dir='ltr'>se</span> 
     </span>
     <span class='ocr_line' id='line_1_35' title="bbox 215 4176 1372 4259; baseline 0.002 -21"><span class='ocrx_word' id='word_1_239' title='bbox 215 4177 309 4239; x_wconf 87' lang='lat' dir='ltr'>ambe</span> <span class='ocrx_word' id='word_1_240' title='bbox 334 4192 422 4258; x_wconf 90' lang='lat' dir='ltr'>parte</span> <span class='ocrx_word' id='word_1_241' title='bbox 447 4192 622 4259; x_wconf 87' lang='lat' dir='ltr'>spontanee</span> <span class='ocrx_word' id='word_1_242' title='bbox 647 4178 876 4240; x_wconf 90' lang='lat' dir='ltr'>commiserunt</span> <span class='ocrx_word' id='word_1_243' title='bbox 900 4177 932 4238; x_wconf 91' lang='lat' dir='ltr'>in</span> <span class='ocrx_word' id='word_1_244' title='bbox 962 4176 1045 4239; x_wconf 89' lang='lat' dir='ltr'>lacto</span> <span class='ocrx_word' id='word_1_245' title='bbox 1070 4177 1236 4240; x_wconf 90' lang='lat' dir='ltr'>cuiusdam</span> <span class='ocrx_word' id='word_1_246' title='bbox 1261 4177 1372 4258; x_wconf 81' lang='lat' dir='ltr'>gladii.</span> 
     </span>
    </p>

    <p class='ocr_par' dir='ltr' id='par_1_18' title="bbox 214 4282 1477 4473">
     <span class='ocr_line' id='line_1_36' title="bbox 320 4282 1477 4366; baseline 0.003 -23"><span class='ocrx_word' id='word_1_247' title='bbox 320 4282 398 4344; x_wconf 94' lang='lat' dir='ltr'>ltem</span> <span class='ocrx_word' id='word_1_248' title='bbox 415 4303 508 4346; x_wconf 90' lang='lat' dir='ltr'>causa</span> <span class='ocrx_word' id='word_1_249' title='bbox 527 4285 636 4347; x_wconf 88' lang='lat' dir='ltr'>lacobi</span> <span class='ocrx_word' id='word_1_250' title='bbox 662 4283 808 4366; x_wconf 87' lang='lat' dir='ltr'>pellificis</span> <span class='ocrx_word' id='word_1_251' title='bbox 831 4298 940 4346; x_wconf 86' lang='lat' dir='ltr'>contra</span> <span class='ocrx_word' id='word_1_252' title='bbox 961 4285 1127 4348; x_wconf 90' lang='lat' dir='ltr'>custodem</span> <span class='ocrx_word' id='word_1_253' title='bbox 1153 4283 1192 4346; x_wconf 88' lang='lat' dir='ltr'>ad</span> <span class='ocrx_word' id='word_1_254' title='bbox 1216 4298 1363 4346; x_wconf 89' lang='lat' dir='ltr'>octavum</span> <span class='ocrx_word' id='word_1_255' title='bbox 1390 4284 1477 4346; x_wconf 88' lang='lat' dir='ltr'>diem</span> 
     </span>
     <span class='ocr_line' id='line_1_37' title="bbox 214 4390 624 4473; baseline 0.005 -22"><span class='ocrx_word' id='word_1_256' title='bbox 214 4390 254 4451; x_wconf 88' lang='lat' dir='ltr'>ad</span> <span class='ocrx_word' id='word_1_257' title='bbox 279 4409 393 4472; x_wconf 87' lang='lat' dir='ltr'>pacem</span> <span class='ocrx_word' id='word_1_258' title='bbox 417 4404 464 4452; x_wconf 91' lang='lat' dir='ltr'>est</span> <span class='ocrx_word' id='word_1_259' title='bbox 487 4405 624 4473; x_wconf 88' lang='lat' dir='ltr'>recepta.</span> 
     </span>
    </p>

    <p class='ocr_par' dir='ltr' id='par_1_19' title="bbox 213 4495 1477 4685">
     <span class='ocr_line' id='line_1_38' title="bbox 320 4495 1477 4560; baseline 0.001 -4"><span class='ocrx_word' id='word_1_260' title='bbox 320 4495 398 4557; x_wconf 91' lang='lat' dir='ltr'>ltem</span> <span class='ocrx_word' id='word_1_261' title='bbox 422 4516 516 4559; x_wconf 90' lang='lat' dir='ltr'>causa</span> <span class='ocrx_word' id='word_1_262' title='bbox 542 4498 631 4559; x_wconf 87' lang='lat' dir='ltr'>Pauli</span> <span class='ocrx_word' id='word_1_263' title='bbox 657 4498 784 4560; x_wconf 88' lang='lat' dir='ltr'>litterati</span> <span class='ocrx_word' id='word_1_264' title='bbox 810 4512 919 4559; x_wconf 88' lang='lat' dir='ltr'>contra</span> <span class='ocrx_word' id='word_1_265' title='bbox 951 4497 1116 4559; x_wconf 88' lang='lat' dir='ltr'>custodem</span> <span class='ocrx_word' id='word_1_266' title='bbox 1150 4498 1190 4560; x_wconf 90' lang='lat' dir='ltr'>ad</span> <span class='ocrx_word' id='word_1_267' title='bbox 1215 4512 1364 4560; x_wconf 89' lang='lat' dir='ltr'>octavum</span> <span class='ocrx_word' id='word_1_268' title='bbox 1390 4497 1477 4558; x_wconf 91' lang='lat' dir='ltr'>diem</span> 
     </span>
     <span class='ocr_line' id='line_1_39' title="bbox 213 4602 621 4685; baseline 0.007 -22"><span class='ocrx_word' id='word_1_269' title='bbox 213 4602 254 4664; x_wconf 93' lang='lat' dir='ltr'>ad</span> <span class='ocrx_word' id='word_1_270' title='bbox 278 4621 390 4685; x_wconf 86' lang='lat' dir='ltr'>pacem</span> <span class='ocrx_word' id='word_1_271' title='bbox 415 4617 461 4665; x_wconf 92' lang='lat' dir='ltr'>est</span> <span class='ocrx_word' id='word_1_272' title='bbox 485 4617 621 4685; x_wconf 88' lang='lat' dir='ltr'>recepta.</span> 
     </span>
    </p>

    <p class='ocr_par' dir='ltr' id='par_1_20' title="bbox 215 4707 1475 4896">
     <span class='ocr_line' id='line_1_40' title="bbox 320 4707 1475 4795; baseline 0.006 -27"><span class='ocrx_word' id='word_1_273' title='bbox 320 4707 398 4769; x_wconf 92' lang='lat' dir='ltr'>ltem</span> <span class='ocrx_word' id='word_1_274' title='bbox 424 4710 541 4771; x_wconf 88' lang='lat' dir='ltr'>Paulus</span> <span class='ocrx_word' id='word_1_275' title='bbox 564 4711 666 4792; x_wconf 89' lang='lat' dir='ltr'>pictor</span> <span class='ocrx_word' id='word_1_276' title='bbox 690 4724 799 4771; x_wconf 91' lang='lat' dir='ltr'>contra</span> <span class='ocrx_word' id='word_1_277' title='bbox 829 4710 944 4792; x_wconf 90' lang='lat' dir='ltr'>Elyam</span> <span class='ocrx_word' id='word_1_278' title='bbox 978 4730 1110 4793; x_wconf 88' lang='lat' dir='ltr'>parvum</span> <span class='ocrx_word' id='word_1_279' title='bbox 1144 4711 1248 4795; x_wconf 95' lang='lat' dir='ltr'>primo</span> <span class='ocrx_word' id='word_1_280' title='bbox 1273 4711 1386 4774; x_wconf 88' lang='lat' dir='ltr'>citatus</span> <span class='ocrx_word' id='word_1_281' title='bbox 1409 4729 1475 4775; x_wconf 89' lang='lat' dir='ltr'>non</span> 
     </span>
     <span class='ocr_line' id='line_1_41' title="bbox 215 4827 406 4896; baseline 0.016 -22"><span class='ocrx_word' id='word_1_282' title='bbox 215 4827 406 4896; x_wconf 82' lang='lat' dir='ltr'>comparuit.</span> 
     </span>
    </p>
   </div>
   <div class='ocr_carea' id='block_1_7' title="bbox 0 0 1704 5364">
    <p class='ocr_par' dir='ltr' id='par_1_21' title="bbox 0 0 1704 5364">
     <span class='ocr_line' id='line_1_42' title="bbox 0 0 1704 5364; baseline 0 0"><span class='ocrx_word' id='word_1_283' title='bbox 0 0 1704 5364; x_wconf 95' lang='lat' dir='ltr'> </span> 
     </span>
    </p>
   </div>
  </div>
 </body>
</html>
