3404 5362
603 342 690 400 Anno
712 350 801 418 1375.
828 373 866 383 -
885 354 943 416 30.
966 341 1075 399 martii.
1444 359 1477 418 ¹5

214 551 306 612 uariis
330 570 433 631 usque
458 549 574 612 festum
592 549 795 612 Pethecostes
818 569 904 611 nunc
932 563 1103 612 venturum
1126 549 1283 611 redimere
1308 550 1481 632 assumpsit

214 669 241 718 et
263 656 407 719 debebit.

315 763 397 824 Item
421 761 574 825 Malinich
600 775 710 825 contra
726 761 929 824 Anthonium
952 761 1057 844 primo
1074 761 1188 823 citatus
1206 781 1272 823 non
1289 763 1479 844 comparuit.

315 869 395 932 ltem
420 869 579 932 Martinus
601 867 732 951 sellipar
756 881 866 931 contre
887 866 1070 949 Georgium
1093 865 1291 931 aurifabrum
1315 868 1420 951 primo
1437 868 1479 930 ci·

213 988 292 1037 tatus
316 995 383 1037 non
408 976 598 1058 comparuit.

314 1082 394 1144 ltem
424 1082 503 1144 Wlk
544 1081 785 1144 molendinator
817 1095 848 1144 et
879 1081 1126 1143 Hazarenouich
1165 1096 1275 1145 contra
1307 1082 1478 1145 Nicolaum

212 1185 310 1249 filium
335 1188 461 1250 Nicolai
487 1189 592 1272 primo
616 1188 702 1251 citati
728 1207 793 1250 non
818 1202 1079 1269 comparuerunt.

313 1293 393 1356 Item
417 1314 512 1357 causa
537 1293 670 1377 Georgii
687 1307 718 1355 et
742 1294 899 1356 Anthonii
917 1307 962 1356 est
979 1309 1150 1377 prorogata
1168 1308 1298 1379 propter
1322 1294 1477 1377 majorem

211 1399 435 1461 certitudinem
458 1420 606 1483 quosque
631 1401 716 1483 ipsos
740 1399 881 1462 florenos
908 1401 1187 1483 perscrutaverint,
1212 1421 1277 1484 quo
1302 1401 1403 1480 finito,
1424 1402 1478 1465 de·

211 1504 362 1568 cisionem
387 1504 540 1569 faciemus
564 1507 647 1570 inter
671 1521 787 1592 partes.

312 1611 393 1675 ltem
417 1612 542 1675 Malech
560 1611 701 1677 carnifex
718 1627 829 1677 contra
846 1614 1051 1677 Clementem
1068 1628 1209 1677 sutorem
1233 1616 1339 1697 primo
1364 1615 1479 1678 citatus

212 1737 273 1779 non
299 1719 491 1801 comparuit.

312 1825 392 1889 ltem
418 1825 566 1908 Mychael
583 1826 741 1910 Damyani
759 1841 870 1890 contra
894 1826 1059 1889 Thomam
1076 1840 1217 1889 sutorem
1234 1827 1340 1910 primo
1364 1827 1477 1890 citatus

210 1949 273 1993 non
298 1932 491 2014 comperuit.

312 2037 392 2099 ltem
416 2037 567 2100 Miclinus
591 2052 701 2102 contra
725 2039 884 2101 Jacobum
907 2039 1120 2121 gladiatorem
1145 2040 1251 2122 primo
1274 2039 1388 2102 citatus
1411 2059 1476 2102 non

210 2145 397 2226 comparuit.

312 2250 392 2311 ltem
416 2248 576 2332 Georgius
612 2264 721 2313 contra
746 2251 872 2336 Herryh
898 2251 1067 2335 pellificem
1093 2266 1206 2313 octavo
1231 2251 1282 2313 die
1306 2272 1338 2313 se
1361 2252 1478 2314 tercius

210 2354 324 2436 jurabit
348 2356 381 2418 in
405 2375 456 2436 eo,
480 2356 569 2439 quod
593 2356 698 2440 ipsum
723 2357 756 2419 in
780 2358 884 2441 capite
908 2357 1117 2420 vulnerasset.

313 2463 392 2526 ltem
416 2463 577 2527 lanchech
601 2462 763 2527 aurifaber
785 2478 896 2527 contra
925 2464 1150 2526 Sebastianum
1175 2464 1312 2525 condam
1337 2464 1477 2547 judicem

210 2569 311 2650 primo
335 2571 448 2632 citatus
471 2589 538 2632 non
563 2570 751 2652 comparuit.

311 2676 391 2738 ltem
424 2689 538 2739 octavo
570 2676 623 2739 die
654 2677 816 2739 Barnabas
845 2677 994 2739 sacerdos
1025 2677 1172 2739 atestabit
1202 2676 1362 2758 quidquid
1395 2677 1477 2738 inter

214 2780 374 2845 Simonem
398 2782 581 2845 carnificem
606 2796 637 2847 et
659 2782 840 2845 lohannem
864 2784 942 2846 sciet
965 2783 1033 2845 aine
1058 2781 1181 2846 fraude.

312 2889 391 2951 ltem
424 2888 557 2951 domina
589 2893 682 2952 Anna
719 2908 857 2952 noverca
892 2891 992 2952 Marci
1016 2889 1074 2952 filii
1110 2890 1247 2973 Mykech
1272 2902 1386 2952 octavo
1423 2891 1474 2951 die

218 3008 316 3057 contra
340 2994 481 3056 eundem
505 2995 654 3057 Markum
678 3016 710 3057 se
743 2996 840 3058 tercia
869 2995 987 3077 jurabit
1018 2997 1126 3073 ineo,
1159 2995 1247 3077 quod
1272 2998 1356 3057 bona
1379 2997 1476 3078 patris

221 3099 258 3160 eui
281 3101 346 3184 ipsa
370 3120 427 3184 per
449 3121 483 3162 ae
506 3101 557 3163 vel
579 3121 636 3184 per
657 3102 758 3164 alium
782 3101 900 3164 auferri
925 3115 957 3164 et
979 3103 1132 3185 asportari
1158 3121 1223 3163 non
1248 3099 1383 3164 fecisset.

310 3207 388 3269 ltem
412 3207 527 3269 eadem
551 3207 683 3269 domina
707 3211 802 3270 Anna
827 3207 1017 3270 secundario
1035 3207 1151 3270 eodem
1175 3207 1227 3270 die
1252 3207 1369 3289 iurabit
1393 3207 1474 3268 duo·

225 3308 311 3376 decim
334 3315 480 3397 personis
503 3327 615 3377 contra
638 3315 780 3376 eundem
804 3315 956 3376 Markum
980 3314 1012 3375 in
1037 3333 1086 3389 e0‚
1112 3314 1200 3395 quod
1225 3334 1315 3375 suam
1339 3314 1475 3375 domum

227 3432 278 3478 non
289 3419 479 3483 devastasset
488 3433 519 3483 et
528 3421 698 3503 pecuniam
711 3440 777 3483 non
788 3421 958 3503 recepisset
969 3434 1113 3502 ;recepta
1123 3433 1230 3482 autem
1244 3420 1319 3482 dare
1333 3420 1474 3483 debebit.

312 3526 390 3589 ltem
414 3526 478 3590 Vid
503 3526 597 3590 Zalar
620 3527 837 3600 juramentum
860 3545 893 3588 se
929 3540 1034 3588 sextus
1058 3539 1093 3588 ut
1117 3525 1229 3587 debuit
1253 3526 1475 3608 sollempniter

230 3623 363 3712 deposuit,
388 3632 478 3715 quod
503 3634 571 3716 ipse
593 3633 773 3695 voluntarie
797 3633 959 3694 civitatem
983 3651 1048 3694 non
1074 3632 1276 3696 incendisset.

312 3738 389 3801 Item
406 3737 661 3820 adjudicavimus
679 3737 772 3800 Petro
790 3738 898 3801 Kurch
916 3751 1061 3820 quartam
1079 3752 1201 3820 partem
1220 3739 1285 3799 vini
1303 3738 1471 3800 cuiusdam

228 3840 337 3924 tubelle,
351 3864 415 3926 que
428 3857 476 3906 eat
492 3844 525 3906 in
537 3842 667 3906 cellario
680 3844 789 3906 relicte
807 3845 961 3927 Stephani
979 3844 1054 3907 dicti
1073 3845 1194 3924 Bazou,
1211 3844 1345 3908 domine
1362 3845 1470 3908 Flore.

311 3949 386 4013 ltem
411 3969 506 4013 causa
529 3949 674 4012 Franche
698 3963 730 4012 et
752 3970 807 4012 sue
832 3951 950 4012 sororis
974 3950 1073 4012 estad
1098 3965 1171 4012 octo
1196 3951 1264 4013 dies
1288 3966 1472 4033 prorogata.

311 4055 388 4120 ltem
412 4077 507 4120 causa
537 4056 663 4119 Nicolai
695 4070 727 4119 et
757 4057 876 4120 Batiste
907 4071 953 4119 est
977 4077 1033 4139 per
1069 4057 1208 4137 judicem
1240 4058 1281 4120 ad
1305 4073 1378 4121 octo
1403 4059 1472 4121 dies

231 4163 374 4244 prorogata
401 4163 441 4225 ad
465 4163 633 4226 arbitrium
657 4163 800 4245 judicum
825 4166 1044 4247 antiquorum.

315 4267 391 4332 ltem
422 4269 545 4352 Symon
584 4288 644 4351 pro
675 4269 817 4350 quodam
850 4272 933 4334 bove
964 4291 996 4333 se
1034 4270 1256 4352 sollempniter
1288 4272 1475 4355 expurgavit

233 4373 308 4436 (luem
330 4375 463 4458 quidam
486 4373 618 4457 jobagio
642 4376 768 4437 comitis
792 4377 874 4440 Petri
897 4376 954 4438 filii
979 4378 1090 4439 Punelr
1114 4392 1315 4440 arestaverat.

314 4480 389 4544 ltem
413 4501 507 4544 causa
524 4481 686 4545 Valentini
703 4498 735 4545 et
752 4481 942 4566 Mosnarych
960 4496 1005 4545 est
1021 4502 1078 4565 per
1093 4483 1285 4563 Johannem,
1303 4484 1470 4546 Thomam

234 4576 462 4651 elClementem
487 4587 529 4649 ed
552 4601 626 4651 octo
651 4589 720 4650 dies
743 4602 870 4671 recepta
894 4589 934 4651 ad
957 4609 1080 4671 pacem.

315 4692 390 4757 item
414 4693 534 4758 Mahna
557 4708 671 4758 octavo
695 4696 745 4757 die
776 4696 845 4757 sola
875 4715 1010 4778 persona
1041 4709 1151 4757 contra
1176 4697 1345 4759 Marenum
1369 4696 1472 4759 filium

237 4779 333 4862 Maeni
353 4801 471 4885 jurabit
494 4802 527 4864 in
552 4821 603 4882 e0‚
627 4801 716 4885 quod
739 4802 800 4864 sibi
825 4803 857 4865 in
882 4803 993 4865 decern
1017 4802 1143 4864 cubulis
1167 4803 1231 4864 vini
1255 4816 1428 4867 teneretur.
