3404 5362
694 314 781 371 Anno
801 325 890 388 1391.
916 344 953 354 -
981 320 1028 386 17.
1052 311 1161 370 martii.

416 525 494 588 Item
515 524 620 606 primo
645 524 757 585 Petrus
782 523 907 602 longus.

415 633 491 694 Item
519 632 625 712 Matey
650 629 800 692 decanus.

415 737 492 799 Item
518 736 667 798 Michael.
1022 733 1145 815 Lingva
1169 732 1402 796 sclavonicalis.

415 843 493 904 Item
518 843 675 905 Vrbanus.

415 949 490 1011 Item
516 948 595 1010 alter
626 948 785 1010 Vrbanus.

417 1160 494 1222 Item
520 1161 624 1241 primo
649 1159 841 1242 Stephanus,

416 1265 494 1327 Item
520 1264 695 1347 Gregorius
717 1266 844 1347 Angeli.

415 1372 493 1435 Item
528 1371 680 1434 NIcolaus
711 1372 876 1455 Lypouch.
1027 1372 1151 1453 Lingva
1175 1369 1401 1451 hungaricalis.

415 1478 493 1540 Item
516 1477 628 1541 Petrus
652 1499 777 1561 parvus.
956 1402 968 1620 Ι

415 1584 494 1647 Item
511 1586 622 1647 .Lucas
647 1586 801 1649 medicus.

415 1835 510 1913 Nota,
535 1834 622 1916 quod
647 1855 703 1917 per
727 1836 866 1897 eundem
898 1836 1068 1898 dominum
1101 1835 1283 1897 Iohannem
1307 1832 1448 1914 judicem
1474 1847 1505 1895 et
1532 1831 1578 1913 ju·

312 1952 397 2001 ratos
421 1960 457 2001 ac
482 1940 681 2002 consiliarios
705 1954 860 2004 ettotam
891 1942 1156 2004 communitatem
1189 1940 1299 2001 omnia
1326 1951 1444 2001 statuta
1470 1951 1501 2000 et
1525 1937 1580 1999 de·

313 2060 396 2108 creta
423 2048 452 2108 in
479 2048 619 2129 antiquis
643 2062 673 2107 et
698 2049 858 2129 prioribus
881 2048 1020 2111 laternis
1037 2047 1215 2128 conscripta
1240 2045 1348 2127 quoad
1374 2064 1490 2106 omnes
1507 2065 1581 2105 suas

310 2152 470 2214 clausulas
494 2168 567 2215 sunt
593 2156 751 2231 roborata,
776 2153 962 2216 confirmata
987 2168 1018 2215 et
1045 2155 1220 2236 approbata
1245 2151 1277 2212 in
1302 2163 1497 2233 perpetuum
1523 2152 1580 2211 ob·

309 2260 474 2339 servanda,
498 2261 544 2321 sic
569 2275 599 2322 et
625 2261 655 2321 in
682 2261 818 2342 presenti
842 2262 972 2322 katerna
996 2259 1108 2322 eadem
1135 2257 1365 2320 confirmarunt
1390 2270 1421 2319 et
1446 2259 1580 2319 robora·

310 2381 383 2428 runt
408 2366 636 2429 inviolabiliter
662 2367 692 2428 in
718 2380 909 2450 perpetuum
933 2365 1143 2429 observanda.
1352 2348 1356 2355 ¹

493 2584 588 2660 FerIa
617 2597 713 2661 sexta
741 2591 893 2677 proxima
925 2596 1002 2678 post
1030 2589 1229 2658 dominicam
1256 2586 1389 2676 Indica.

838 2738 902 2819 (17.
926 2739 1046 2808 martir').

415 2880 493 2941 Item
523 2899 616 2941 causa
640 2880 802 2941 Valentini
828 2894 937 2943 contra
962 2881 1097 2942 Paulum
1122 2879 1162 2942 ad
1187 2898 1298 2962 pacem
1323 2891 1370 2940 est
1394 2890 1533 2961 recepta.

416 2986 494 3048 Item
531 2987 667 3048 lacobus
703 2987 833 3069 pellifex
869 3001 900 3050 et
935 2987 1080 3049 Thomas
1116 2986 1253 3049 condam
1284 2984 1406 3067 juratus
1442 2999 1579 3066 uterque

310 3093 453 3175 quinque
478 3092 546 3154 flor.
571 3093 638 3154 auri
664 3093 782 3155 debent
805 3095 928 3156 solvere
954 3093 1141 3177 p(reposito)
1165 3105 1271 3154 sancte
1297 3091 1408 3154 Marie.

415 3199 493 3261 Item
520 3200 700 3282 Stephanus
728 3215 829 3262 sartor
861 3215 969 3262 contra
1004 3199 1211 3262 Dominicum
1244 3198 1443 3261 sacerdotem
1469 3199 1577 3281 primo

309 3306 423 3368 citatus
447 3326 511 3368 non
541 3307 730 3389 comparuit.

414 3412 492 3474 Item
510 3414 662 3474 Nicolaus
679 3427 789 3474 contra
807 3413 1004 3495 Stephanum
1023 3413 1165 3475 secundo
1179 3412 1293 3474 citatus
1304 3432 1368 3473 non
1382 3413 1575 3494 comparuit.

416 3520 494 3580 Item
520 3520 627 3581 Marco
652 3518 737 3580 filius
762 3519 921 3581 Leonardi
955 3533 1065 3581 contra
1098 3518 1297 3602 Stephanum
1323 3517 1428 3600 primo
1462 3518 1576 3580 citatus

310 3645 375 3687 non
405 3626 594 3706 comparuit.

416 3732 492 3794 Item
519 3734 629 3794 Petrus
653 3747 763 3794 contra
789 3733 822 3794 P.

415 3839 492 3902 Item
508 3839 621 3901 Gallus
632 3839 752 3919 juratus
765 3854 875 3902 contra
886 3840 1048 3901 Thomam
1063 3839 1114 3901 die
1127 3854 1242 3901 octavo
1259 3837 1453 3921 respondere
1467 3838 1572 3900 debet.

415 3946 491 4008 Item
503 3946 589 4029 quod
601 3947 675 4028 quia
687 3947 843 4008 Martinus
853 3946 936 4008 lilius
950 3945 1097 4026 Gregorii
1109 3944 1188 4007 fabri
1208 3992 1215 4006 .
1233 3993 1241 4008 .
1259 3991 1266 4006 .
1279 3946 1309 4006 in
1320 3943 1406 4007 furto
1420 3964 1574 4028 quarum-

309 4051 383 4113 dam
401 4072 504 4114 rerum
523 4066 633 4134 utputa
652 4052 724 4113 ferri
743 4053 774 4113 in
800 4053 923 4114 domo.
942 4099 949 4113 .
972 4066 1018 4113 est
1038 4065 1192 4133 repertus,
1217 4050 1291 4113 ideo
1308 4051 1368 4113 sibi
1392 4051 1571 4113 auriculam

310 4155 443 4220 lecimus
466 4158 586 4220 abscidi
612 4172 643 4220 et
665 4159 690 4218 si
710 4177 852 4239 unquam
871 4159 902 4219 in
920 4158 1046 4220 civitate
1065 4171 1171 4220 nostra
1196 4157 1281 4219 visus
1304 4157 1458 4239 deinceps
1479 4155 1573 4219 luerit

309 4278 423 4325 extunc
447 4265 598 4346 suspendi
623 4263 763 4342 debebit,
789 4280 883 4345 prout
900 4265 1009 4325 omnia
1033 4265 1185 4346 premissa
1202 4263 1290 4326 solus
1314 4260 1480 4325 confessus
1498 4262 1567 4326 luit.

415 4370 491 4431 Item
523 4369 611 4451 quod
643 4371 718 4452 quia
751 4369 912 4432 Iohannes
944 4369 1027 4432 filius
1061 4370 1193 4452 Georgii
1226 4368 1371 4453 pellificis
1406 4369 1571 4452 quoddam

309 4474 462 4536 bicellum
494 4475 614 4538 furatus
649 4475 725 4554 luit,
759 4476 832 4538 ideo
865 4477 969 4558 ipsum
1003 4476 1043 4538 ad
1076 4477 1263 4538 instanciam
1289 4476 1414 4539 Samlar
1446 4477 1570 4539 Nicolai

308 4581 439 4643 nomine
464 4581 502 4642 de
527 4583 653 4645 civitate
678 4596 785 4644 nostra
811 4581 944 4644 fecimus
968 4603 1040 4645 cum
1073 4583 1195 4645 baculis
1217 4584 1300 4662 cedi,
1323 4596 1355 4646 et
1377 4583 1403 4645 si
1427 4602 1570 4665 unquam

309 4688 340 4748 ln
366 4688 432 4769 ipsa
466 4689 591 4751 civitate
624 4704 730 4749 nostra
763 4689 848 4749 visus
880 4688 984 4767 fuerit,
1019 4703 1134 4751 extunc
1168 4711 1241 4752 mox
1271 4674 1424 4773 suspendi
1457 4691 1571 4753 debeat

308 4813 346 4854 eo
372 4792 466 4855 lactu.
