3404 5362
222 366 281 425 ¹50
582 342 787 423 Ann01378.
812 379 853 389 —
871 360 905 422 3.
929 344 1103 420 septembris.

326 557 404 620 ltem
422 578 517 621 causa
541 557 668 620 Nicolai
694 558 860 620 assessoris
891 571 922 619 et
947 558 1102 620 Anthonii
1127 558 1230 620 Reniz
1261 572 1309 620 est
1338 577 1395 641 per
1421 560 1498 621 Ma-

216 684 331 727 renum
360 678 391 727 et
415 664 632 726 Laurentium
656 664 696 725 ad
722 678 796 726 octo
820 664 889 725 dies
912 677 1039 746 recepta
1062 664 1103 725 ad
1128 683 1250 747 pacem.

186 758 190 769 ¹
325 772 404 833 ltem
427 771 559 832 domina
585 771 693 833 relicta
719 770 897 833 Sabastiani
933 784 1042 833 contra
1067 770 1268 854 Mychaelem
1293 787 1411 835 octavo
1435 772 1492 835 die

216 877 437 960 respondebit.

324 984 403 1046 ltem
420 984 574 1046 Nicolaus
598 1003 736 1045 assessor
751 996 866 1045 octavo
891 984 943 1046 die
960 1003 1016 1066 per
1033 983 1213 1046 Johannem
1237 985 1365 1063 Lieber,
1383 984 1489 1047 Geor·

216 1091 306 1172 gium
332 1090 493 1152 literatum
519 1104 550 1152 et
574 1090 721 1152 Markum
746 1090 894 1152 atestabit
925 1090 1012 1172 quod
1039 1090 1185 1173 Mychael
1210 1090 1370 1175 Damyuni
1395 1111 1490 1153 suam

216 1216 349 1259 uxorem
374 1196 521 1278 turpibus
546 1197 652 1258 verbis
676 1195 838 1259 affecisset.

324 1303 401 1364 ltem
426 1322 519 1365 causa
544 1303 675 1364 Renarii
701 1317 732 1364 et
755 1302 910 1363 lobannis
936 1302 1050 1364 Lieber
1074 1317 1120 1365 est
1144 1323 1200 1386 per
1224 1304 1420 1365 Mauricium
1438 1325 1488 1367 re-

216 1424 306 1492 cepta
331 1410 372 1471 ad
396 1429 519 1492 pacem.

323 1516 401 1578 Item
426 1516 610 1578 Anthonius
634 1515 758 1578 Jursich
783 1529 893 1577 contra
919 1515 1033 1577 Paulas
1054 1516 1158 1597 primo
1171 1516 1285 1577 citatus
1308 1536 1374 1578 non
1398 1537 1488 1579 com·

215 1624 332 1704 paruit.

323 1729 402 1790 ltem
426 1727 583 1789 Martinus
608 1728 782 1810 Hungarus
806 1741 915 1789 contra
945 1727 1179 1808 Margaretham
1204 1728 1347 1789 secundo
1372 1728 1487 1790 citatus

216 1856 282 1898 non
313 1834 503 1918 comparuit.

324 1943 402 2003 ltem
427 1960 521 2002 causa
553 1941 675 2002 Mareni
707 1954 738 2001 et
770 1939 898 2001 Andree
930 1952 976 2001 est
1008 1958 1065 2021 per
1088 1938 1210 2019 judices
1240 1940 1278 2001 ad
1312 1954 1387 2001 octo
1417 1940 1487 2003 dies

215 2062 397 2131 prorogata.

324 2156 402 2217 ltem
427 2155 552 2217 Blasius
573 2154 721 2217 sacerdos
756 2153 795 2214 de
820 2152 909 2215 Odra
942 2153 1076 2215 domino
1100 2152 1235 2214 Nicolao
1264 2152 1406 2234 plebano
1431 2172 1485 2215 sex

214 2281 336 2324 marcas
363 2261 570 2324 denariorum
595 2262 627 2322 in
660 2260 834 2342 quindenis
866 2259 1017 2336 exsolvet,
1047 2258 1193 2340 alioquin
1224 2278 1315 2320 suam
1349 2258 1483 2320 domum

214 2368 274 2430 sibi
299 2381 487 2431 statuemus.

322 2471 400 2534 ltem
420 2473 568 2555 Mychael
592 2487 707 2534 octavo
732 2472 784 2533 die
809 2485 920 2533 contra
949 2470 1056 2533 Mathe
1078 2490 1213 2553 puerum
1238 2489 1270 2531 se
1294 2470 1413 2533 tercius
1437 2469 1483 2551 ju·

214 2575 307 2654 rabit,
332 2591 366 2638 ut
391 2577 457 2659 ipse
481 2578 608 2638 nullum
633 2578 756 2639 malum
781 2578 841 2640 sibi
866 2576 1034 2639 intulisset.

321 2682 398 2744 ltem
423 2681 578 2744 Clemens
601 2703 634 2744 se
659 2685 819 2746 secundus
844 2683 961 2763 jurabit
978 2696 1092 2744 octavo
1117 2682 1169 2744 die
1194 2682 1287 2764 quod
1309 2683 1416 2764 ipsum
1434 2682 1484 2744 Zi-

214 2788 324 2871 tarych
350 2789 383 2849 in
408 2808 507 2849 manu
535 2789 743 2852 vulnerasset.

320 2894 399 2955 ltem
424 2913 517 2956 causa
542 2894 681 2956 Vardich
707 2910 738 2957 et
762 2896 917 2958 lobannis
940 2908 987 2956 est
1009 2914 1066 2977 per
1090 2894 1230 2974 iudicem
1253 2893 1295 2955 ad
1318 2906 1392 2955 octo
1417 2893 1485 2955 dies

213 3013 396 3082 prorogata.

323 3105 400 3167 ltem
427 3106 538 3167 Petrus
556 3106 697 3168 decanus
715 3108 853 3169 lohanni
872 3107 988 3168 Lieber
1011 3107 1091 3169 duas
1107 3126 1229 3168 marcas
1253 3105 1285 3167 in
1310 3105 1485 3186 quindenis

215 3211 379 3292 persolvet
402 3225 434 3272 et
458 3211 554 3291 judici
579 3213 720 3274 mediam
744 3232 895 3276 marcam.

322 3316 400 3378 ltem
425 3317 601 3400 Dyonisius
625 3333 714 3381 sutor
743 3334 790 3382 est
822 3320 987 3382 convictus
1012 3319 1097 3380 inX
1129 3317 1260 3395 marcis;
1283 3317 1350 3400 ipse
1376 3331 1484 3379 autem

214 3422 389 3505 Dyonisius
415 3424 515 3505 ipsam
541 3445 669 3486 causam
694 3425 734 3487 ad
760 3427 909 3508 antiquos
930 3425 1053 3506 judices
1076 3424 1260 3507 appellavit.

323 3529 400 3591 ltem
420 3530 586 3592 Ladislaus
603 3531 693 3593 lelke
710 3532 817 3614 puelle
835 3533 866 3593 in
884 3531 1057 3612 quindenis
1073 3531 1152 3592 duas
1169 3549 1291 3592 marcas
1308 3530 1478 3613 persolvet.

319 3634 398 3696 Item
423 3654 516 3696 causa
546 3635 678 3719 Georgii
711 3651 743 3699 et
765 3636 913 3720 Zitarych
945 3652 991 3700 est
1014 3657 1071 3720 per
1094 3636 1217 3717 judices
1248 3635 1288 3697 ad
1313 3648 1387 3698 octo
1411 3635 1482 3697 dies

213 3756 395 3824 prorogata.

321 3848 400 3909 ltem
425 3847 602 3932 Gregorius
625 3863 740 3912 octavo
766 3850 818 3913 die
843 3870 899 3933 per
917 3851 1056 3912 Borkam
1080 3864 1111 3911 et
1135 3849 1306 3931 Zequirich
1323 3850 1481 3913 atestabit.

321 3953 400 4015 ltem
425 3954 578 4017 Nicolaus
602 3970 648 4016 est
679 3956 844 4018 convictus
869 3957 901 4017 iu
926 3957 954 4017 X
979 3956 1094 4018 marcis
1117 3955 1324 4017 denariorum
1348 3974 1407 4037 pro
1431 3974 1482 4034 eo,

214 4060 290 4140 quia
316 4059 474 4141 quosdam
500 4061 599 4122 boves
624 4060 788 4143 Stephano
814 4062 959 4124 Pundich
989 4063 1162 4124 remisisset
1185 4076 1216 4124 et
1239 4062 1372 4125 demum
1396 4081 1481 4124 rece·

216 4165 323 4246 pisset,
345 4180 441 4248 prout
464 4165 525 4228 hoc
549 4186 608 4227 suo
632 4168 818 4230 testimonio
844 4168 1024 4250 Stephanus
1044 4167 1189 4230 Pundich
1221 4167 1378 4246 atestavit‚
1402 4182 1481 4251 puta

215 4269 366 4353 Gyurgek
384 4272 614 4345 calcariparum
639 4286 670 4334 et
686 4273 877 4350 Habouich;
902 4274 968 4356 ipse
986 4290 1093 4337 autem
1110 4275 1264 4337 Nicolaus
1288 4275 1391 4357 ipsam
1407 4294 1482 4337 cau·

213 4395 280 4437 sam
305 4377 346 4438 ad
371 4378 521 4459 antiquos
545 4378 666 4459 judices
690 4379 864 4461 appellavit
887 4379 927 4441 ad
952 4382 1120 4443 sabbatum
1145 4400 1230 4443 nunc
1254 4381 1438 4444 instantem.

321 4482 398 4544 ltem
432 4482 604 4546 Chuethko
636 4503 709 4546 cum
741 4485 806 4546 suis
836 4487 931 4547 sociis
963 4501 1071 4549 contra
1108 4487 1308 4550 Anthonium
1340 4485 1480 4569 juratum

214 4586 320 4669 primo
345 4588 429 4650 citati
457 4609 522 4651 non
547 4605 804 4673 comparuerunt.

322 4695 400 4755 ltem
425 4696 576 4776 magister
592 4697 754 4758 lohannes
778 4697 912 4780 Crispus
928 4713 1038 4762 contra
1055 4701 1227 4762 Nicolaum
1243 4700 1344 4762 tercio
1368 4701 1481 4764 citatus

215 4817 281 4859 nou
306 4801 496 4882 comparuit.
