3404 5362
528 359 616 417 Anno
639 353 732 434 1382.
758 390 797 401 -
823 355 854 418 ό.
879 359 965 422 iunii.
1322 377 1381 440 177

225 567 303 628 Item
338 556 463 629 Mareu
484 566 623 628 condam
654 565 776 647 juratus
807 582 915 628 contra
941 568 1084 629 blasium
1114 566 1312 630 aurifabrum
1336 589 1384 630 se·

79 673 223 734 cundo
249 672 361 733 citatus
384 692 451 734 non
475 672 665 754 comparuit.

222 777 302 840 Item
327 775 489 858 Georgius
512 778 551 838 de
583 778 740 840 suburbio
772 792 882 841 contra
915 779 1037 840 Lucam
1068 779 1255 861 selliparum
1278 780 1383 861 primo

76 884 228 946 citatus
253 904 318 946 non
342 884 532 966 comparuit.

222 992 301 1053 Item
325 990 489 1053 Fabianus
512 990 656 1052 literatus
679 1002 790 1052 contra
811 990 920 1051 Bartol
944 990 1117 1073 lapicidam
1141 991 1246 1073 primo
1269 992 1383 1055 citatus

80 1114 178 1160 non
205 1098 397 1180 comparuit.

220 1203 300 1264 Item
324 1200 488 1263 lohannes
511 1201 597 1263 filius
621 1202 767 1264 Domkus
791 1216 900 1264 contra
926 1202 1063 1265 Paulum
1087 1203 1243 1285 pictorem
1268 1218 1382 1265 octavo

81 1307 161 1371 die
192 1308 410 1391 respondebit.

221 1415 299 1479 ltem
329 1415 487 1476 Martinus
510 1414 667 1497 Zekyricb
697 1430 808 1477 contra
840 1415 1007 1478 dominam
1031 1416 1174 1477 relictam
1208 1416 1316 1478 Endre
1341 1418 1381 1480 de

81 1522 192 1584 turri
216 1522 324 1604 prImo
356 1520 471 1584 citatus
494 1540 559 1582 non
583 1521 774 1602 comparuit.

222 1626 301 1689 ltem
325 1627 480 1689 Nicolaus
498 1625 754 1709 archydiaconus
770 1641 879 1689 contra
897 1627 1077 1689 Iohannem
1096 1627 1223 1690 fratrem
1241 1630 1383 1692 custodis

83 1735 221 1814 primo
254 1734 367 1797 citatus
392 1753 457 1795 non
483 1733 673 1815 comparuit.

224 1840 303 1902 ltem
327 1840 445 1919 mulier
469 1837 682 1921 Cetr)nechna
699 1852 809 1901 contra
826 1840 964 1902 Paulum
980 1841 1136 1922 pictorem
1159 1843 1264 1924 primo
1288 1844 1382 1905 citata

83 1965 177 2010 non
204 1946 397 2028 comparuit.

221 2053 299 2115 Item
310 2054 448 2116 Iacobus
458 2053 582 2115 institor
592 2065 701 2114 contra
712 2052 865 2135 Gyurgek
875 2052 980 2135 primo
989 2053 1103 2115 citatus
1111 2074 1177 2116 non
1190 2057 1381 2137 comparuit.

222 2159 300 2221 ltem
326 2159 445 2242 Stepan
470 2179 526 2241 per
550 2172 733 2221 consortem
757 2159 841 2220 Petri
859 2159 1006 2241 Hungari
1031 2173 1062 2221 et
1082 2178 1215 2222 uxorem
1234 2161 1381 2223 Matheus

81 2281 136 2328 et
164 2264 342 2345 conjugem
368 2266 477 2326 Kusalr
501 2279 616 2327 octavo
641 2263 691 2326 die
716 2265 777 2326 hoc
801 2266 959 2344 atestabit,
984 2265 1072 2347 quod
1089 2285 1220 2328 consors
1245 2265 1377 2349 Georgii

82 2370 189 2433 dicti
217 2370 356 2432 Sidouin
381 2384 562 2433 consortem
587 2390 678 2432 suam
704 2371 913 2452 vituperasset
937 2385 968 2433 et
991 2370 1169 2433 maleficam
1195 2371 1320 2434 dixerit.

222 2476 301 2538 Item
325 2477 436 2539 Aleter
459 2477 617 2560 pecohlep
642 2490 752 2539 contra
776 2477 960 2538 Emericum
991 2477 1163 2558 lapicidam
1188 2491 1302 2540 octavo
1327 2479 1379 2540 die

79 2583 332 2666 respondebit.

220 2688 299 2750 Item
316 2708 411 2750 causa
435 2688 575 2750 Ladislai
599 2689 683 2749 tular
706 2702 815 2750 contra
841 2689 956 2770 Jaklyn
980 2687 1021 2749 ad
1052 2701 1202 2751 octavum
1228 2689 1314 2752 diem
1338 2690 1379 2752 ad

76 2811 226 2874 pacem
251 2809 297 2856 est
320 2808 458 2876 recepta.

220 2900 299 2963 Item
324 2899 487 2982 Georgius
502 2901 599 2963 Loter
615 2920 716 2982 usque
738 2899 919 2982 quindenas
936 2898 1095 2982 Gregorio
1112 2901 1247 2963 voschar
1263 2921 1381 2964 novem

75 3021 229 3084 pensas
252 3005 460 3068 denariorum
483 3007 608 3068 solvere
638 3006 743 3069 debet.

220 3112 298 3174 Item
322 3113 454 3174 Lachko
478 3112 646 3195 Borchych
673 3125 783 3174 contra
800 3112 975 3174 Martinum
999 3112 1156 3196 Zekyrich
1179 3114 1322 3175 secundo
1339 3114 1382 3177 ci·

75 3229 196 3283 tatus
224 3237 290 3280 non
314 3219 505 3301 comparuit.

220 3324 299 3387 Item
323 3344 419 3387 causa
444 3324 594 3407 Gregorii
619 3324 712 3406 jurati
729 3338 841 3387 contra
865 3324 980 3407 Cygan
997 3325 1037 3385 ad
1062 3339 1210 3387 octavum
1237 3325 1323 3387 diem
1340 3325 1382 3387 ad

78 3447 227 3509 pacem
252 3444 299 3493 est
321 3446 461 3514 recepta.

221 3535 299 3599 Item
323 3536 484 3599 Janchech
508 3550 610 3599 sartor
633 3556 735 3618 usque
760 3536 940 3619 quindenas
966 3537 1111 3599 Kuslroni
1136 3537 1250 3599 decem
1266 3557 1382 3620 pensas

85 3659 139 3706 et
166 3641 285 3724 viginti
309 3643 460 3706 denarios
482 3643 589 3704 minus
612 3655 751 3724 quatuor
774 3643 914 3705 denariis
937 3643 1062 3705 solvere
1086 3644 1192 3706 debet.

221 3747 300 3810 Item
325 3749 441 3811 Kusilo
465 3748 716 3830 Nandragouich
748 3763 858 3810 contra
891 3749 1127 3831 Margaretham
1158 3749 1302 3811 secundo
1337 3750 1382 3810 ci-

87 3865 198 3919 tatus
221 3873 287 3917 non
312 3855 504 3938 comparuit.

220 3959 298 4023 Item
323 3961 493 4024 Lorandus
516 3961 683 4047 faretripar
706 3975 816 4025 contra
840 3961 995 4025 Mathiam
1026 3975 1180 4024 sartorem
1203 3961 1310 4043 primo
1338 3960 1382 4023 ci·

93 4078 197 4130 tatus
219 4086 285 4129 non
309 4068 501 4151 comparuit.

221 4172 299 4234 Item
324 4173 448 4258 Symon
472 4187 504 4237 et
527 4175 628 4237 Lucia
655 4173 721 4237 filia
745 4173 922 4237 Wllrouich
947 4185 1057 4235 contra
1074 4172 1217 4233 Iwanum
1235 4172 1381 4234 secundo

101 4279 200 4343 citati
225 4298 290 4341 non
314 4295 574 4362 comparuerunt.

221 4383 299 4447 Item
319 4384 447 4448 Cristau
471 4399 581 4449 contra
606 4391 768 4469 Agnesam
795 4386 939 4449 secundo
963 4386 1076 4449 citatus
1100 4402 1166 4445 non
1190 4382 1381 4464 comparuit.

221 4489 300 4553 Item
325 4490 480 4576 Gyurgek
503 4492 688 4577 Blanchych
721 4506 830 4555 contra
863 4494 1008 4555 Marcum
1040 4489 1143 4553 filium
1175 4488 1300 4551 Franoe
1325 4508 1379 4551 oc·

113 4608 189 4659 tarro
213 4595 265 4659 die
288 4597 507 4682 respondebit.

221 4702 299 4767 Item
325 4704 485 4767 Domiana
510 4705 627 4767 mulier
651 4718 766 4768 octavo
790 4705 843 4768 die
856 4705 998 4768 secunda
1013 4725 1046 4768 se
1070 4725 1229 4788 supereo
1253 4704 1382 4787 jurabit,

117 4809 203 4891 quod
227 4810 330 4893 ipsam
355 4810 504 4896 Mychael
528 4810 769 4874 molendinator
791 4812 996 4895 percusserit.

1239 4920 1276 4964 ra
