3404 5362
566 323 652 379 Anno
676 317 767 397 1383·
794 355 834 364 -
859 317 911 383 26.
935 321 1016 382 maii.

229 428 472 436 —-.———---·
739 428 841 434 ———
918 428 1019 433 —-
1067 429 1072 433 .
1084 428 1186 434 ——-
1196 428 1207 435 -
1215 430 1227 434 .-

227 534 428 618 Stephanum
453 532 629 595 salivenam
655 531 795 595 infacto
827 531 995 594 cuiusdam
1019 532 1084 593 vini
1119 547 1229 594 contra
1253 533 1419 596 dominam
1445 556 1491 596 re-

225 641 335 704 lictam
360 640 485 703 Nicolai
510 640 637 702 atestari
662 640 767 702 debet.

334 747 413 809 Item
445 746 577 808 domina
611 746 734 808 Mirena
766 760 875 808 contra
908 746 1044 808 Paulum
1076 747 1237 808 literatum
1269 748 1374 830 primo
1399 749 1491 811 citata

225 874 290 916 non
316 853 506 935 comparuit.

333 960 411 1022 Item
436 979 530 1021 causa
555 959 724 1021 Laurentii
751 958 843 1039 jurati
869 972 979 1021 contra
1003 958 1169 1021 dominam
1195 960 1337 1021 relictam
1361 960 1490 1023 Thome

223 1066 263 1128 de
289 1065 466 1149 Oporouch
491 1066 530 1127 ad
554 1065 696 1148 primurn
720 1064 876 1145 judicium
900 1079 947 1128 est
971 1080 1151 1147 prorogata.

333 1172 411 1235 Item
436 1172 543 1233 Endre
570 1172 635 1255 Syb
660 1185 774 1234 octavo
790 1172 842 1233 die
867 1185 976 1233 contra
1002 1171 1159 1234 Janchech
1177 1171 1374 1233 aurifabrum
1391 1193 1489 1255 super

223 1297 261 1340 eo
287 1278 415 1360 jurabit,
439 1279 528 1360 quod
554 1278 619 1360 ipse
645 1277 743 1340 nichil
768 1278 861 1340 sciret
885 1278 917 1339 in
950 1278 1033 1340 facto
1058 1279 1207 1360 vituperii
1233 1277 1388 1341 consortis
1412 1280 1487 1342 dicti

223 1384 386 1446 Janchech
409 1404 466 1467 per
490 1399 671 1446 consortem
696 1384 772 1446 dicti
798 1385 916 1447 Endre.

330 1491 408 1553 Item
444 1491 610 1553 Emericus
646 1510 780 1573 arcupar
813 1505 923 1552 contra
960 1492 1139 1553 Johannem
1172 1491 1306 1573 figulum
1341 1492 1372 1552 in
1406 1491 1489 1555 facto

222 1598 457 1660 vulneracionis
481 1598 556 1660 dicti
589 1598 745 1659 Johannis
776 1618 833 1679 per
862 1598 1032 1659 Nicolaum
1057 1597 1194 1659 condam
1227 1596 1385 1660 famulum
1412 1599 1488 1661 dicti

223 1703 361 1766 Emerici
389 1703 462 1766 facti
487 1704 643 1766 innocens
668 1717 714 1765 est
738 1717 881 1787 repertus
905 1716 935 1766 et
959 1704 1122 1765 immunis.

329 1810 405 1872 itern
442 1830 535 1872 causa
572 1811 692 1873 Cosme
727 1809 879 1872 aurifabri
918 1824 1026 1872 contra
1063 1809 1241 1892 Georgium
1277 1810 1415 1892 juratum
1448 1812 1487 1874 ad

220 1917 361 2000 primum
387 1916 544 1997 judicium
569 1930 641 1998 post
664 1917 839 1979 adventurn
865 1916 940 1978 dicti
971 1916 1102 1999 Georgii
1127 1930 1174 1979 est
1198 1931 1378 2001 prorogata.

325 2023 403 2086 Item
428 2022 590 2086 Johannes
614 2022 698 2084 filius
731 2023 849 2085 Donati
882 2036 990 2084 contra
1024 2022 1201 2105 Georgium
1237 2025 1331 2085 Loter
1356 2043 1486 2106 respon·

220 2129 293 2192 dere
319 2129 441 2191 debens
465 2149 531 2191 non
556 2129 731 2212 respondit,
756 2148 862 2211 neque
886 2130 1068 2212 comparuit
1092 2130 1123 2190 in
1148 2129 1279 2210 iudicio.

325 2234 403 2296 item
428 2235 591 2297 Johannes
617 2235 712 2296 Liber
736 2254 793 2316 per
808 2249 903 2296 testes
927 2234 1071 2297 efficaces
1096 2235 1127 2296 id
1145 2235 1377 2317 comprobavit,
1394 2235 1482 2315 quod

218 2355 400 2403 consortem
424 2360 515 2403 suam
541 2341 697 2424 Zekyrich
722 2341 940 2423 vituperasset.

310 2577 408 2652 Feria
437 2583 545 2654 tercia
573 2582 729 2670 proxima
757 2588 834 2670 post
861 2581 984 2652 festum
1012 2580 1109 2651 beate
1137 2578 1234 2651 Eleae
1262 2581 1385 2668 regine.

754 2731 820 2810 (26.
845 2735 940 2810 nteit).

321 2876 400 2937 item
425 2875 588 2937 Johannes
612 2873 708 2937 frater
732 2876 844 2936 Kauke
872 2888 981 2937 contra
1007 2876 1218 2937 Benedictum
1243 2876 1347 2959 primo
1367 2876 1481 2937 citatus

211 3002 279 3045 non
307 2982 498 3064 comparuit.

322 3087 401 3150 ltem
416 3088 524 3150 Mathe
534 3088 674 3149 salivena
686 3103 795 3150 contra
810 3087 1051 3172 Dragchycham
1065 3102 1179 3150 octavo
1194 3088 1245 3148 die
1264 3089 1481 3169 respondebit.

322 3195 398 3256 Item
429 3194 513 3256 iwan
547 3193 630 3256 hlius
663 3194 861 3257 Chudauech
895 3195 1071 3275 Georgium
1103 3193 1203 3255 hlium
1237 3195 1386 3273 Ztardba,
1412 3195 1481 3256 Ste-

212 3303 357 3385 phanum
382 3301 550 3384 Chablych
575 3314 605 3364 et
630 3301 811 3384 Myklinum
842 3316 938 3364 testes
969 3315 1078 3364 contra
1112 3301 1292 3363 Johannem
1318 3302 1479 3363 literatum

215 3409 246 3470 in
272 3407 357 3471 facto
382 3408 617 3470 verberacionis
642 3420 673 3470 et
697 3407 848 3470 furticinii
879 3422 1016 3471 statuere
1041 3407 1136 3470 debet
1160 3421 1274 3469 octavo
1299 3409 1360 3470 die.

320 3513 1477 3595 ltemdominaMargarethacontruHanslinumoctavodierespondebit.

321 3621 399 3683 item
424 3619 556 3702 quidam
581 3634 675 3683 testes
700 3621 782 3683 inter
805 3621 993 3701 jobagiones
1018 3634 1142 3683 nostros
1166 3620 1259 3683 etde
1285 3620 1400 3683 Medue
1426 3641 1478 3682 ex·

214 3741 305 3811 cepto
334 3728 470 3811 Mykech
495 3741 609 3789 octavo
634 3727 685 3789 die
711 3726 800 3789 fateri
824 3727 942 3790 debent
966 3727 1047 3789 inter
1071 3747 1136 3790 eos.

323 3835 401 3897 item
434 3835 556 3917 Symon
589 3847 700 3895 contra
724 3833 964 3917 Ger(ar)dinum
997 3833 1158 3896 Gallicum
1190 3834 1333 3897 secundo
1365 3835 1478 3896 citatus

213 3960 278 4002 non
303 3940 492 4023 comparuit.

319 4045 397 4107 item
422 4045 506 4108 iwan
532 4047 749 4128 carpentarius
782 4058 892 4108 contra
924 4046 1088 4108 Thomam
1119 4046 1221 4109 filium
1246 4048 1347 4109 Ztank
1372 4048 1476 4129 primo

213 4151 325 4213 citatus
350 4171 414 4213 non
440 4153 628 4234 comparuit.

319 4258 396 4320 item
421 4257 597 4339 Gregorius
620 4258 704 4320 filius
737 4257 849 4320 Tadee
881 4272 990 4320 contra
1024 4257 1201 4339 Georgium
1227 4258 1331 4339 primo
1363 4258 1476 4319 citatus

213 4384 276 4426 non
301 4364 491 4446 comparuit.

317 4470 396 4532 ltem
420 4490 512 4532 causa
546 4472 702 4534 consortis
735 4471 883 4553 Gregorii
916 4485 1026 4533 contra
1057 4469 1220 4532 Thomam
1253 4471 1292 4532 ad
1324 4483 1474 4533 octavum

214 4576 298 4638 diem
324 4576 364 4639 ad
389 4597 501 4660 pacem
526 4593 571 4640 est
595 4592 775 4669 prorogata..
1076 4558 1080 4564 ⁸

317 4684 396 4746 item
420 4704 513 4746 causa
544 4684 743 4767 Margarethe
775 4699 884 4746 contra
917 4685 1046 4746 Markus
1077 4685 1117 4746 ad
1149 4697 1298 4746 octavum
1323 4684 1407 4746 diem
1432 4685 1472 4745 ad

213 4809 322 4871 pacem
348 4804 395 4852 est
419 4806 555 4871 recepta.
