3404 5362
595 402 792 482 Antro1378.
818 439 858 449 -
882 418 932 481 27.
956 407 1084 480 augusti.

212 632 318 699 partes
341 637 469 699 queque
494 617 562 698 jura
586 617 721 679 literalia
746 617 916 678 habuerint
947 636 1056 678 coram
1088 617 1182 679 nobis
1217 616 1383 678 debebunt
1405 635 1475 698 pre·

213 738 357 799 sentare3
382 744 444 806 que
462 725 487 786 si
511 744 584 806 pars
602 744 666 785 non
688 724 928 806 presentaverit,
950 738 1066 786 extunc
1091 723 1192 805 ipsam
1215 721 1336 784 nullius
1351 722 1476 784 roboris

213 829 352 912 amplius
376 829 570 907 afirmamus‚
594 850 698 911 neque
725 830 792 911 ipsa
816 830 856 892 de
884 844 990 891 cetero
1016 829 1165 892 exhibere
1189 829 1319 890 valebit.

319 938 397 999 ltem
416 938 571 999 Martinus
584 951 696 998 contra
710 936 945 1018 Margaretham
960 937 1065 1017 primo
1082 935 1195 997 citatus
1209 954 1273 996 non
1287 934 1477 1015 comparuit.

319 1044 397 1105 Item
421 1064 515 1106 causa
541 1045 611 1105 Elie
637 1058 669 1105 et
704 1044 771 1104 Kus
802 1059 849 1104 est
873 1063 929 1124 per
959 1043 1128 1104 dominum
1161 1041 1348 1125 Philippum
1372 1056 1404 1104 et
1427 1042 1479 1103 Jo-

212 1154 353 1216 hannem
379 1152 494 1213 Lieber
518 1151 558 1212 ad
582 1165 656 1213 octo
678 1151 747 1211 dies
770 1166 895 1232 recepta
920 1150 960 1211 ad
985 1169 1108 1231 pacem.

320 1258 397 1319 Item
421 1256 576 1318 Nicolaus
599 1270 710 1317 contra
742 1256 962 1317 Alexandrum
986 1255 1129 1318 seeundo
1161 1256 1273 1317 citatus
1297 1276 1362 1317 non
1392 1273 1480 1316 com·

215 1365 330 1449 paruit.

321 1471 398 1532 ltem
424 1469 569 1530 Thomas
593 1483 704 1529 contra
728 1467 894 1529 Elizabeth
926 1468 1031 1549 primo
1060 1468 1174 1529 citatus
1197 1487 1263 1529 non
1287 1468 1477 1549 comparuit.

321 1578 398 1640 ltem
434 1576 565 1638 domina
602 1573 802 1656 Margaretha
832 1587 943 1636 contra
977 1573 1178 1656 Mychaelem
1210 1573 1353 1635 secundo
1385 1574 1480 1636 citata

215 1705 281 1748 non
306 1683 496 1765 comparuit.

320 1790 399 1852 ltem
424 1788 576 1850 Nicolaus
599 1802 709 1849 contra
735 1788 904 1849 Marenum
928 1803 1042 1848 octavo
1067 1787 1120 1848 die
1145 1785 1361 1867 respondebit.

321 1896 399 1958 ltetn
431 1915 526 1956 causa
560 1894 715 1956 Johannis
747 1894 844 1955 Liber
874 1908 906 1955 et
944 1893 1090 1955 Mauricii
1125 1906 1172 1955 est
1203 1911 1259 1974 per
1291 1893 1481 1973 magistrum

216 2003 355 2065 Paulum
379 2002 418 2063 ad
443 2017 517 2063 octo
542 2001 611 2062 dies
635 2014 760 2081 recepta
785 1999 825 2061 ad
850 2019 974 2082 pacem.

321 2109 397 2170 ltem
432 2107 593 2188 Georgius
616 2122 731 2169 octavo
756 2106 808 2168 die
832 2125 888 2188 per
914 2106 1101 2168 Budislaum
1134 2118 1165 2167 et
1190 2104 1391 2187 Stephanum
1416 2117 1482 2166 ate·

216 2215 322 2293 stabit,
347 2215 434 2296 quod
460 2214 564 2296 ipsum
591 2213 775 2275 Anthonius
798 2227 829 2274 et
852 2213 1001 2274 Vrbanus
1024 2211 1285 2293 vituperaverint.

326 2321 402 2383 ltem
437 2319 587 2402 Bedvcha
618 2333 730 2380 contra
768 2338 818 2379 ser
850 2319 1060 2381 Benedictum
1099 2316 1242 2379 serundo
1273 2316 1387 2378 citatus
1418 2335 1483 2377 non

218 2427 409 2508 comparuit.

324 2532 402 2593 ltem
425 2532 540 2593 Tadeo
565 2545 595 2593 et
619 2532 706 2593 Elias
730 2546 841 2593 contra
868 2529 1069 2592 Anthonium
1094 2530 1233 2610 juratum
1257 2529 1363 2610 primo
1395 2529 1482 2590 citati

218 2657 282 2699 non
307 2653 565 2720 comparuerunt.

324 2745 401 2806 ltem
427 2743 497 2804 Elia
521 2757 631 2805 contra
657 2744 820 2805 Vrbanum
846 2743 951 2826 primo
976 2742 1089 2803 citatus
1113 2760 1178 2803 non
1200 2742 1392 2823 comparuit.
1454 2734 1467 2751 ⁸

323 2850 401 2911 Item
427 2850 517 2911 Mark
541 2864 652 2911 contra
685 2850 885 2932 Mychaelem
917 2849 1023 2931 primo
1048 2848 1161 2910 citatus
1193 2867 1258 2910 non
1292 2849 1484 2930 comparuit.

324 2956 402 3017 ltem
420 2976 513 3017 causa
539 2955 693 3017 Anthonii
720 2969 750 3016 et
775 2954 930 3017 iohannis
954 2967 1001 3015 est
1028 2973 1084 3037 per
1108 2953 1279 3015 Nicolaum
1305 2951 1431 3015 Odolas
1455 2968 1486 3017 et

219 3062 411 3124 Mauricium
436 3062 476 3122 ad
500 3075 574 3124 octo
599 3061 667 3123 dies
692 3075 817 3143 recepta
842 3061 882 3122 ad
907 3079 1031 3143 pacem.

326 3167 401 3229 ltem
427 3169 504 3229 luan
528 3182 637 3229 contra
663 3172 840 3248 Agnessam
864 3167 969 3248 primo
1000 3167 1114 3228 citatus
1137 3186 1202 3228 non
1227 3164 1418 3246 comparuit.

325 3274 404 3337 ltem
429 3275 604 3336 Mauricius
634 3287 745 3335 contra
779 3271 972 3354 Gregorium
1002 3292 1113 3334 voscar
1143 3273 1248 3354 primo
1271 3270 1387 3332 citatus
1419 3288 1485 3331 non

220 3382 411 3463 comparuit.

326 3486 403 3548 ltem
429 3486 574 3548 Thomas
598 3501 708 3548 contra
734 3486 880 3568 Mathyas
903 3499 1019 3548 octavo
1044 3485 1096 3546 die
1121 3483 1338 3566 respondebit.

325 3593 402 3654 ltem
427 3613 520 3653 causa
547 3592 670 3653 domini
696 3592 821 3653 Nicolai
845 3592 1019 3654 sacerdotis
1052 3604 1083 3652 et
1107 3588 1198 3651 Pauli
1224 3590 1333 3672 Kypar
1357 3601 1405 3650 est
1428 3606 1487 3670 per

221 3698 402 3762 lohannem
428 3701 534 3776 Liber,
559 3699 747 3780 magistrum
765 3698 900 3759 Paulum
919 3713 950 3761 et
968 3697 1146 3779 Georgium
1167 3696 1328 3758 literatum
1353 3692 1394 3754 ad
1412 3707 1487 3755 octo

220 3805 288 3867 dies
313 3820 438 3887 recepta
463 3806 503 3866 ad
528 3825 652 3888 pacem.

326 3912 403 3975 ltem
440 3914 598 3975 Renarius
633 3926 742 3974 contra
777 3911 979 3973 Anthonium
1015 3909 1153 3989 juratum
1193 3921 1307 3970 octavo
1342 3906 1395 3969 die
1437 3926 1489 3968 re-

220 4017 402 4101 spondebit.

325 4123 403 4186 ltem
428 4125 538 4186 Petrus
567 4125 667 4187 decan
696 4138 806 4186 contra
839 4122 1025 4184 Ladislaum
1055 4122 1196 4203 juratum
1228 4122 1334 4205 primo
1366 4121 1485 4183 citatus

220 4250 284 4292 non
310 4231 499 4312 comparuit.

326 4338 403 4400 ltem
429 4338 598 4420 Rybarych
630 4351 740 4399 contra
773 4337 879 4399 Eliam
910 4335 1108 4398 aurifabrum
1141 4336 1247 4418 primo
1271 4335 1386 4396 citatus
1419 4352 1485 4396 non

220 4445 410 4527 comparuit.

326 4550 404 4612 ltem
430 4550 611 4632 Stephanus
635 4549 788 4610 sallivena
813 4562 924 4611 contra
955 4548 1089 4611 luanum
1115 4548 1154 4608 de
1180 4548 1292 4609 Lonka
1315 4545 1422 4629 primo
1444 4543 1488 4606 ci·

220 4670 304 4718 tatus
327 4676 393 4718 non
418 4657 609 4738 comparuit.

327 4762 405 4823 ltem
430 4762 576 4844 Mychael
601 4777 711 4826 contra
736 4763 923 4843 magistrum
955 4760 1116 4823 lanchech
1149 4760 1254 4842 primo
1278 4757 1393 4820 citatus
1417 4774 1483 4819 non

219 4869 410 4953 comparuit.
