3404 5362
626 154 713 210 Anno
736 148 830 228 1386.
856 185 897 193 —
921 165 952 228 4.
976 151 1150 224 septembris.
1453 151 1513 231 263

353 366 433 428 item
448 363 600 426 Clemens
614 376 724 424 contra
743 363 935 444 Gregorium
953 361 1095 421 secundo
1110 363 1222 422 citatus
1244 381 1308 422 non
1325 363 1514 445 comparuit.

353 472 434 533 item
459 468 539 550 (per)
563 481 659 530 testes
683 488 777 529 causa
799 466 963 529 Benedicti
981 465 1094 527 decani
1119 480 1228 528 contra
1248 468 1423 550 Symonem
1441 468 1514 529 sali·

217 597 364 639 venam
391 575 431 637 ad
455 588 606 635 octavum
630 573 716 634 diem
741 589 787 636 est
811 588 948 653 recepta.

354 683 434 744 item
459 679 636 759 Gregorius
660 680 793 741 voschar
817 693 927 741 contra
946 678 1157 739 Benedictum
1183 681 1287 761 primo
1312 681 1425 742 citatus
1450 700 1514 741 non

210 788 440 870 comparuit.

353 893 433 954 Item
459 913 552 955 causa
577 892 733 954 iohannis
766 907 875 955 contra
902 894 1081 955 Johannem
1120 891 1269 974 Grachyn
1302 895 1340 951 ad
1366 905 1514 952 octavum

212 1001 332 1062 diem
360 999 402 1060 ad
427 1019 538 1081 pacem
563 1012 610 1061 est
634 1012 770 1080 recepta.

355 1104 433 1165 Item
466 1124 559 1165 causa
585 1105 708 1165 domini
734 1104 823 1165 Luka
857 1117 965 1165 contra
990 1104 1161 1166 Nicolaum
1185 1104 1224 1164 ad
1257 1118 1405 1164 octavum
1430 1103 1516 1163 diem

211 1212 281 1272 ad
311 1230 427 1292 pacem
452 1226 498 1271 est
522 1223 659 1292 recepta.

355 1317 435 1378 Item
460 1336 553 1378 causa
578 1315 727 1395 Gregorii
752 1317 868 1397 Angeli
903 1331 1011 1379 contra
1038 1317 1192 1378 Mathiam
1218 1316 1374 1377 decanum
1399 1315 1438 1375 ad
1463 1334 1516 1375 oc·

218 1437 359 1485 tavum
387 1422 474 1484 diem
498 1423 537 1483 ad
562 1441 674 1504 pacem
700 1435 746 1483 est
771 1437 907 1504 recepta.

357 1529 434 1589 item
478 1547 571 1589 causa
600 1527 732 1588 domine
765 1547 874 1589 socrus
906 1527 1060 1589 iohannis
1093 1528 1191 1588 Vasas
1222 1542 1330 1587 contra
1364 1525 1516 1606 Egidium

221 1636 461 1712 sacerdotem,
487 1633 624 1695 Paulum
656 1649 687 1696 et
712 1634 890 1695 iohannem
925 1635 1085 1696 literatum
1118 1635 1158 1694 ad
1191 1648 1341 1695 octavum
1365 1632 1450 1692 diem
1476 1631 1516 1691 ad

226 1759 362 1820 pacem
388 1754 435 1802 est
459 1754 639 1821 prorogata.

355 1846 435 1908 item
460 1865 553 1906 causa
579 1843 657 1907 Scof
679 1859 789 1907 contra
815 1848 924 1907 Maren
946 1860 1101 1907 textorem
1127 1845 1166 1904 ad
1191 1858 1340 1905 octavum
1365 1844 1451 1905 diem
1475 1843 1515 1904 ad

226 1972 360 2033 pacem
386 1967 432 2012 est
455 1963 637 2034 prorogata.

355 2058 435 2119 Item
459 2056 577 2138 Iglicha
603 2069 711 2117 contra
737 2057 939 2138 Lipouschak
965 2057 1070 2138 primo
1094 2057 1207 2118 citatus
1230 2075 1296 2117 non
1325 2055 1514 2136 comparuit.

355 2164 432 2225 Item
459 2162 635 2242 Gregorius
659 2162 800 2224 decanus
824 2177 935 2223 contra
957 2162 1157 2223 Anthonium
1183 2175 1324 2223 sutorem
1350 2162 1454 2242 primo
1472 2161 1514 2220 ci-

232 2282 329 2331 tatus
355 2288 420 2329 non
446 2269 635 2349 comparuit.

356 2374 434 2436 item
459 2394 552 2435 causa
577 2374 707 2435 domine
734 2375 933 2456 Margarethe
966 2391 1075 2436 contra
1101 2373 1278 2454 Georgium
1313 2373 1514 2455 vigilatorem

240 2482 287 2543 ad
313 2495 466 2543 octavum
491 2480 576 2541 diem
604 2494 650 2542 est
675 2496 856 2563 prorogata.

356 2588 435 2648 item
460 2587 585 2664 domos,
616 2588 833 2668 possessiones
865 2602 895 2649 et
928 2589 1090 2649 universas
1118 2609 1167 2649 res
1199 2603 1229 2649 et
1253 2587 1396 2668 quelibet
1430 2589 1514 2648 bona

247 2693 405 2775 Stephani
439 2692 593 2775 Pondych
626 2707 657 2753 et
690 2693 837 2775 Gregorii
870 2693 928 2755 filii
961 2695 1008 2754 sui
1042 2695 1161 2756 intres
1192 2709 1296 2775 partes
1320 2693 1514 2770 dividantur,

244 2817 384 2879 quarum
422 2818 484 2859 una
519 2818 591 2880 pars
625 2798 806 2880 Stephano,
842 2799 939 2860 altera
976 2799 1134 2880 Gregorio
1170 2814 1200 2859 et
1237 2799 1333 2859 tercia
1371 2800 1512 2860 consorti

249 2904 417 2987 Stephani.

356 3011 434 3072 Item
459 3012 604 3072 Andreas
628 3024 716 3073 sutor
749 3026 862 3072 octavo
895 3012 946 3072 die
971 3012 1113 3073 secundo
1137 3032 1170 3072 se
1202 3031 1297 3093 super
1322 3032 1360 3073 eo
1384 3011 1513 3091 jurabit,

250 3117 338 3198 quod
362 3117 467 3199 ipsum
494 3117 630 3179 Selezko
654 3118 861 3180 vulnerasset.

355 3222 434 3284 Item
466 3243 544 3284 uxor
569 3223 652 3284 Petri
677 3224 766 3304 longi
791 3244 893 3305 usque
917 3224 1096 3303 quindenas
1120 3223 1258 3284 consorti
1285 3224 1407 3284 domini
1435 3223 1514 3284 Gre-

248 3329 329 3410 gorii
355 3328 472 3410 Angeli
495 3349 553 3410 pro
578 3348 636 3389 suo
660 3331 820 3411 vituperio
839 3331 917 3390 duas
942 3349 1063 3390 marcas
1087 3329 1210 3390 solvere
1236 3329 1340 3391 debet.

355 3434 433 3496 item
458 3454 550 3495 causa
575 3435 738 3497 Valentini
764 3433 877 3496 famuli
903 3436 991 3496 Luka
1017 3450 1126 3496 contra
1152 3484 1158 3499 .
1184 3485 1190 3497 .
1216 3434 1372 3496 carnificis
1396 3435 1435 3495 ad
1462 3455 1514 3495 oc-

249 3554 356 3602 tavum
383 3540 469 3601 diem
494 3554 541 3602 est
563 3555 743 3622 prorogata.

355 3646 434 3707 ltem
459 3646 533 3707 licet
556 3648 687 3708 domina
706 3648 813 3710 relicta
836 3647 990 3709 Johannis
1007 3648 1150 3728 Zagorch
1177 3663 1206 3709 et
1223 3653 1351 3727 Agnesa
1376 3647 1439 3707 iilia
1458 3667 1513 3707 sua

249 3752 421 3832 quemdam
446 3751 582 3813 fundum
608 3754 743 3814 emerint
767 3767 798 3816 et
819 3755 902 3814 lwan
921 3753 1005 3815 filius
1030 3755 1129 3835 ipsius
1154 3753 1297 3836 Zagorch
1323 3755 1354 3813 in
1380 3754 1511 3833 legistro

250 3857 383 3919 insertus
407 3876 472 3918 non
498 3857 602 3937 fuerit,
627 3873 734 3920 tamen
761 3862 835 3941 quia
853 3861 959 3921 eidem
984 3862 1067 3921 iwan
1094 3862 1190 3921 tercia
1207 3881 1278 3941 pars
1303 3861 1401 3940 ipsius
1420 3857 1510 3919 fundi

251 3965 406 4045 provenit,
425 3964 498 4026 ideo
515 3965 621 4026 eidem
638 3965 722 4026 lwan
740 3968 871 4027 terciam
890 3982 1011 4048 partem
1029 3968 1142 4028 eodem
1161 3968 1227 4047 jure
1245 3966 1514 4045 adjudicavimus

251 4069 302 4131 sed
328 4090 497 4152 quousque
516 4072 583 4153 ipse
607 4072 691 4133 iwan
717 4073 851 4134 domum
877 4075 992 4150 veniet,
1019 4075 1122 4154 ipsum
1148 4073 1284 4134 fundum
1303 4072 1384 4132 inter
1408 4073 1509 4154 ipsam

251 4177 413 4239 dominam
438 4179 580 4239 relictam
606 4179 760 4240 iohannis
785 4195 816 4240 et
839 4184 1001 4260 Agnesam
1027 4181 1057 4241 in
1084 4180 1162 4241 duas
1186 4193 1291 4260 partes
1315 4179 1447 4240 dividat.

355 4284 433 4345 Item
466 4282 625 4364 Georgius
648 4284 733 4346 filius
758 4284 926 4347 Chernech
954 4301 1016 4349 tres
1041 4306 1153 4367 pensas
1178 4286 1386 4348 denariorum
1412 4304 1512 4365 usque

253 4390 429 4470 quindenas
454 4391 584 4451 domine
610 4393 749 4452 consorti
777 4392 885 4453 Bartol
909 4392 1033 4453 solvere
1058 4392 1163 4455 debet.

354 4497 431 4558 ltem
466 4517 559 4558 causa
594 4498 731 4558 Emerici
764 4513 872 4559 contra
906 4499 1068 4559 Jaklinum
1100 4500 1139 4559 ad
1171 4514 1320 4560 octavum
1355 4498 1439 4559 diem
1474 4498 1513 4560 ad

254 4620 360 4681 pacem
385 4617 432 4665 est
454 4618 591 4685 recepta.
