3404 5362
733 369 820 426 Anno
843 380 929 444 1377.
954 401 997 410 -
1020 381 1069 427 21.
1085 368 1170 443 julii.

431 580 509 642 Item
535 579 644 643 Sibich
661 592 776 640 octavo
800 578 852 640 die
869 597 925 659 per
942 577 1106 640 Thomam
1131 593 1163 641 et
1180 579 1301 639 Lucam
1326 577 1487 657 atestabit,
1504 575 1596 658 quod

326 686 489 747 Johannes
514 685 629 747 Lieber
653 684 824 746 duodecim
850 683 957 766 pensis
979 683 1184 746 denariorum
1209 683 1269 745 sibi
1293 696 1464 745 teneretur.

433 792 509 855 Item
529 791 668 853 Plauech
693 792 777 853 lwan
803 804 912 852 contra
944 789 1126 852 Johannem
1158 803 1273 853 octavo
1298 790 1350 851 die
1375 789 1596 873 respondebit.

431 899 509 959 ltem
535 898 699 959 Emericus
723 911 832 959 contra
857 895 1037 959 Johannem
1061 897 1166 980 primo
1191 898 1304 959 citatus
1320 916 1385 958 non
1404 895 1597 978 comparuit.

432 1004 511 1065 ltem
535 1004 717 1065 Alexander
734 1018 843 1066 contra
862 1003 1008 1064 Markum
1033 1003 1176 1065 secundo
1193 1003 1306 1065 citatus
1322 1021 1388 1064 non
1402 1001 1597 1082 comparuit.

431 1128 508 1189 ltem
542 1128 697 1189 Martinus
728 1127 909 1210 Zequirych
941 1141 1050 1190 contra
1076 1128 1247 1190 Nicolaum
1281 1127 1420 1190 condam
1452 1125 1596 1208 judicem

325 1235 431 1316 primo
456 1235 569 1296 citatus
593 1254 658 1296 non
683 1235 872 1316 comparuit.

432 1341 509 1403 ltem
534 1339 679 1402 Pundich
703 1355 812 1402 contra
837 1340 973 1402 luanum
997 1340 1141 1402 secundo
1166 1341 1281 1402 citatus
1312 1360 1377 1402 non
1402 1339 1597 1422 comparuit.

431 1447 510 1509 Item
535 1448 641 1508 Mikus
664 1446 801 1509 condam
826 1447 921 1530 judex
946 1461 1055 1509 contra
1081 1446 1231 1509 Chuethk
1255 1446 1361 1530 primo
1388 1446 1503 1507 citatus
1526 1465 1596 1507 non

328 1554 516 1635 comparuit.

435 1660 512 1722 Item
536 1679 629 1721 causa
658 1659 811 1742 Stephani
844 1673 875 1722 et
907 1660 990 1722 Petri
1021 1673 1067 1722 est
1098 1679 1155 1742 per
1178 1658 1351 1722 Nicolaum
1374 1659 1514 1722 condam
1545 1658 1597 1740 ju·
1677 1724 1682 1732 ,

329 1765 434 1827 dicem
458 1766 498 1826 ad
523 1780 596 1828 octo
621 1765 688 1827 dies
712 1781 838 1848 recepta
862 1766 902 1827 ad
926 1786 1049 1848 pacem.

432 1873 510 1933 Item
535 1873 716 1955 Stephanus
738 1885 847 1935 contra
873 1872 1068 1956 Dyonisium
1092 1888 1234 1935 sutorem
1258 1872 1364 1955 primo
1388 1872 1502 1934 citatus
1527 1892 1596 1934 non

328 1980 518 2061 comparuit.

433 2086 512 2147 ltem
536 2105 631 2146 causa
657 2086 811 2147 iohannis
842 2101 873 2148 et
905 2086 1059 2168 Stephani
1091 2085 1256 2148 labrorum
1279 2098 1326 2148 est
1357 2105 1414 2167 per
1438 2084 1596 2170 Gyurgek

325 2191 428 2254 hlium
453 2192 578 2254 Nicolai
603 2193 643 2253 ad
668 2204 741 2253 octo
767 2193 835 2253 dies
859 2208 985 2274 recepta
1010 2192 1050 2254 ad
1073 2212 1197 2275 pacem.

432 2316 509 2376 Item
528 2335 623 2377 causa
637 2315 787 2378 Chuethk
801 2331 831 2378 et
847 2315 972 2377 domini
990 2316 1115 2378 Micusii
1134 2330 1180 2378 est
1196 2337 1252 2399 per
1264 2316 1435 2379 Nicolaum
1453 2317 1596 2379 condam

325 2421 465 2502 judicem
490 2436 520 2483 et
545 2423 711 2484 Miclinum
737 2422 777 2483 ad
801 2423 940 2504 primum
965 2422 1121 2503 judicium
1145 2437 1218 2504 post
1240 2443 1335 2485 suum
1360 2423 1535 2486 adventum
1560 2425 1596 2486 in

327 2542 468 2590 nostram
493 2529 654 2592 civitatem
679 2543 804 2611 recepta
828 2529 868 2591 ad
893 2549 1016 2611 pacem.

436 2635 511 2696 ltem
535 2635 685 2697 Chuethk
707 2649 821 2697 octavo
843 2636 893 2696 die
926 2635 1042 2715 jurabit
1074 2650 1184 2698 contra
1215 2636 1395 2699 Johannem
1418 2655 1452 2698 se
1475 2635 1597 2698 tercius

327 2740 416 2822 quod
442 2740 508 2822 ipse
534 2741 622 2802 nulla
647 2742 732 2802 bona
757 2741 788 2802 in
813 2741 912 2803 domo
929 2762 984 2803 sua
1011 2743 1181 2825 recepisset
1205 2761 1263 2804 nec
1288 2742 1385 2825 recipi
1410 2740 1547 2804 lecisset.

437 2864 513 2926 ltem
539 2863 711 2947 Matheyko
744 2863 882 2927 carnifex
914 2864 1014 2926 luano
1038 2865 1124 2927 dicto
1149 2867 1219 2927 Noz
1252 2866 1284 2927 in
1309 2865 1482 2947 quindenis
1513 2865 1598 2928 duas

327 2989 449 3032 marcas
473 2971 680 3033 denariorum
704 2983 735 3033 et
758 2970 857 3051 judici
882 2971 1023 3032 mediam
1048 2972 1213 3034 exsolvere
1238 2973 1344 3035 debet.

380 3207 476 3281 Feria
504 3213 610 3283 tercia
639 3212 792 3299 proxima
821 3218 899 3281 ante
927 3209 1051 3282 festum
1079 3211 1175 3282 beate
1204 3211 1307 3282 llarie
1335 3210 1541 3300 Magdalene.

871 3383 933 3460 (21.
949 3380 1048 3461 siclis).

433 3541 541 3601 Primo
579 3541 667 3601 Marlr
703 3539 788 3602 filius
824 3540 946 3603 Gemez
980 3556 1089 3604 contra
1126 3542 1296 3604 Nicolaum
1329 3541 1597 3605 archidiaconum

329 3646 434 3728 primo
458 3647 570 3707 citatus
591 3666 656 3708 non
681 3647 870 3728 comparuit.

434 3752 513 3814 ltem
537 3752 690 3814 Nicolaus
713 3752 798 3814 filius
821 3753 968 3816 Matheus
998 3768 1107 3816 contra
1132 3754 1258 3837 Woryh
1283 3753 1462 3837 loripedem
1487 3755 1597 3838 primo

330 3859 444 3921 citatus
468 3878 533 3920 non
556 3860 745 3940 comparuit.

435 3966 511 4026 ltem
539 3965 661 4046 Symon
686 3980 795 4027 contra
820 3966 1012 4049 Gregorium
1036 3980 1150 4029 octavo
1174 3966 1227 4028 die
1255 3965 1472 4049 respondebit.

436 4089 513 4150 ltem
547 4088 748 4169 Margaretha
780 4104 889 4152 contra
921 4090 1030 4152 Mathe
1062 4091 1245 4173 ensiparum
1276 4089 1382 4173 primo
1406 4089 1500 4152 citata
1526 4110 1596 4153 non

328 4196 517 4276 comparuit.

435 4302 513 4364 ltem
540 4303 651 4365 Petrus
675 4304 779 4366 dictus
802 4303 910 4365 Decan
941 4316 1050 4365 contra
1080 4303 1228 4365 Markum
1260 4303 1365 4387 primo
1389 4304 1504 4367 citatus
1527 4323 1597 4366 non

328 4408 517 4490 comparuit.
959 4388 964 4395 ⁴

433 4515 511 4576 ltem
536 4515 689 4578 Nicolaus
720 4531 829 4578 contra
863 4516 999 4577 lwanam
1034 4514 1175 4598 puellam
1208 4516 1351 4580 secundo
1380 4517 1496 4580 citatus
1527 4537 1596 4580 non

327 4622 517 4705 comparuit.

432 4728 510 4789 ltem
535 4729 677 4791 Francha
703 4745 812 4792 contra
837 4731 1008 4792 Nicolaum
1030 4730 1167 4792 condam
1192 4730 1332 4811 judicem
1356 4731 1462 4814 primo
1479 4732 1597 4795 citatus

326 4854 391 4897 non
417 4836 606 4918 comparuit.
