3404 5362
602 97 688 154 Anno
711 92 801 172 1387.
828 130 867 138 —
891 109 940 159 22,
957 98 1110 172 januarii.

208 198 446 208 ς.----,,,,
472 203 503 207 -
535 203 547 207 ,

322 307 405 368 Item
430 327 524 370 causa
549 304 668 389 lgliche
687 321 797 368 contra
815 307 996 369 lohannem
1020 306 1060 368 ad
1078 308 1221 390 primum
1243 306 1400 389 judicium
1418 319 1489 390 post

222 411 397 475 adveutum
422 413 497 476 dicti
522 413 641 495 lglicha
667 428 715 475 eat
738 428 920 496 prorogata.

323 519 406 581 ltem
430 519 582 582 dominus
606 520 768 581 Barnabas
801 521 975 582 canonicus
998 521 1155 602 vigesimo
1188 521 1302 603 quinto
1326 541 1359 582 se
1383 521 1489 583 conci·

224 625 310 687 sibus
334 627 529 708 premissum
553 646 648 688 suum
672 626 890 707 juramentum
914 626 1000 704 juxta
1026 628 1213 708 premissam
1239 640 1381 689 nostram
1406 627 1489 707 judi·

224 732 350 794 citriam
384 733 647 795 commissionem
681 733 712 793 in
745 752 795 811 eo,
821 746 856 794 ut
885 733 950 816 ipse
982 752 1077 814 super
1110 731 1337 795 interfeccione
1363 733 1488 795 Nicolai

223 836 382 922 Glesuyak
408 852 517 900 contra
536 839 702 900 universos
726 837 837 901 fratres
854 840 953 921 ipsius
977 839 1103 901 Nicolai
1120 859 1214 901 suum
1240 840 1390 922 deposuit
1406 841 1488 922 jura·

221 959 366 1007 mentum
398 958 433 1007 ut
467 945 589 1025 debuit,
623 945 696 1007 ideo
723 946 828 1028 ipsum
860 946 1030 1008 dominum
1063 947 1243 1008 Barnabam
1268 947 1489 1009 commisimus

221 1051 416 1134 expeditum.

322 1157 403 1219 Item
424 1177 518 1219 causa
536 1158 644 1220 Mathe
661 1171 771 1219 contra
790 1158 988 1239 Stephanum
1005 1172 1161 1220 sartorem
1177 1159 1217 1220 ad
1236 1158 1349 1221 leriam
1367 1173 1488 1221 sextam

220 1278 263 1327 est
286 1278 472 1346 prorogata.

323 1369 404 1432 Item
428 1370 516 1452 quod
548 1370 624 1452 quia
648 1370 811 1432 lohannes
842 1370 927 1433 filius
958 1372 1114 1433 Hermani
1138 1385 1234 1434 testes
1267 1387 1376 1434 contra
1402 1371 1488 1435 lwan

220 1476 453 1557 carpentarium
477 1477 656 1559 producere
674 1477 795 1538 debens
819 1497 883 1538 non
903 1478 1064 1559 produxit,
1089 1476 1163 1539 ideo
1188 1498 1317 1540 causam
1335 1478 1486 1560 perdidit.

322 1581 402 1643 Item
427 1602 519 1644 causa
545 1582 722 1665 Mychaelis
745 1596 854 1645 contra
880 1584 1003 1645 Jursich
1029 1603 1131 1665 usque
1156 1582 1269 1647 leriam
1293 1599 1413 1647 sextam
1439 1598 1486 1646 est

220 1701 401 1769 prorogata.

323 1796 402 1856 ltem
426 1795 580 1857 Nicolaus
597 1795 709 1878 Cygan
731 1809 762 1858 et
779 1796 972 1858 Benedictus
988 1796 1153 1858 carnifices
1177 1795 1255 1859 feria
1279 1810 1364 1858 sexta
1389 1816 1486 1878 super

220 1921 256 1963 eo
279 1901 443 1981 jurabunt,
468 1902 557 1983 quod
581 1902 657 1983 ipsis
681 1916 810 1966 centum
835 1916 866 1964 et
898 1903 1132 1984 quinquaginta
1165 1903 1235 1965 flor.
1260 1905 1328 1964 auri
1354 1917 1484 1985 propter

219 2007 363 2069 debitum
387 2009 564 2069 liberorum
589 2008 726 2090 Mykech
752 2008 808 2070 filii
839 2009 952 2070 Franci
986 2009 1017 2069 in
1044 2011 1193 2092 Laybaco
1228 2010 1431 2092 recepissent,
1456 2023 1487 2071 et

219 2113 306 2194 quod
330 2113 390 2195 ipsi
415 2112 515 2174 nichil
540 2114 579 2175 de
605 2114 672 2196 ipsa
697 2115 832 2196 pecunia
858 2114 1071 2196 accepissent;
1096 2128 1127 2176 et
1151 2115 1282 2176 tandem
1306 2112 1390 2176 lacto
1415 2114 1485 2196 ipso

219 2219 399 2300 juramento
413 2219 540 2281 Marcus
557 2234 587 2282 et
604 2220 805 2302 Margaretha
822 2240 912 2282 soror
925 2240 981 2282 sua
998 2220 1204 2283 medietatem
1219 2221 1301 2282 dicte
1315 2221 1450 2302 pecunie
1468 2240 1486 2281 a

219 2326 267 2389 die
293 2326 511 2409 deposicionis
535 2326 635 2409 ipsius
658 2327 827 2408 juramenti
859 2347 960 2409 usque
994 2328 1174 2409 quindenas
1206 2329 1330 2390 solvere
1355 2327 1484 2389 debent.

322 2433 401 2493 ltem
427 2433 579 2494 Herticus
602 2434 745 2495 secundo
768 2454 801 2494 se
826 2432 903 2495 feria
931 2447 1017 2495 sexta
1042 2433 1159 2514 jurabit
1184 2434 1217 2494 in
1240 2454 1290 2511 eo,
1315 2434 1403 2515 quod
1422 2433 1484 2494 sibi

220 2559 319 2601 unum
344 2539 495 2621 pulvinar
518 2553 550 2601 et
565 2554 687 2622 septem
705 2541 812 2622 pensis
829 2541 1035 2603 denariorum
1055 2541 1149 2623 Myke
1164 2541 1291 2602 debitor
1308 2561 1373 2602 non
1391 2553 1483 2602 esset.

322 2645 403 2708 Item
427 2646 516 2727 quod
540 2646 615 2727 quia
633 2647 779 2728 Dragech
803 2661 904 2709 sartor
928 2646 1029 2708 fassus
1047 2646 1116 2725 luit,
1142 2647 1230 2728 quod
1248 2667 1369 2729 equum
1395 2648 1487 2709 Pauli

222 2749 333 2814 literati
359 2752 540 2833 recepisset,
564 2752 638 2814 ideo
663 2753 748 2815 idem
775 2754 893 2815 Paulus
926 2754 1069 2815 literatus
1102 2752 1181 2815 feria
1206 2754 1301 2815 tercia
1326 2772 1486 2835 supereo

223 2853 345 2937 jurabit,
370 2859 458 2940 quod
484 2859 537 2920 ille
570 2878 673 2939 equus
704 2879 780 2920 suus
804 2858 865 2920 luit
896 2873 928 2920 et
951 2875 1108 2941 quantum
1142 2860 1260 2936 valuit;
1287 2860 1354 2942 ipse
1379 2874 1485 2922 autem

223 2959 363 3045 Dragech
388 2964 506 3026 dictam
530 2985 658 3027 causam
683 2966 722 3027 ad
747 2966 896 3047 antiquos
920 2964 1042 3046 judices
1066 2966 1249 3048 appellavit.

322 3071 401 3133 Item
427 3072 592 3133 universas
623 3074 841 3155 possessiones
872 3093 935 3155 que
960 3073 1092 3134 domine
1126 3072 1295 3134 Elisabeth
1330 3072 1487 3134 consortis

220 3175 374 3240 lobannis
395 3177 495 3239 Vasas
519 3176 657 3256 luerunt,
681 3179 767 3240 iuxta
784 3179 898 3241 seriem
924 3179 1087 3240 literarum
1113 3192 1221 3240 nostre
1248 3178 1487 3240 communitatis

217 3284 361 3364 cognatis
385 3284 541 3346 lobannis
565 3286 662 3347 Vasas
686 3285 962 3366 adjudicaverunt.

324 3390 402 3452 ltem
420 3392 511 3453 Jursa
535 3392 568 3452 in
592 3392 697 3474 primo
722 3391 843 3472 judicio
872 3392 947 3454 novi
979 3390 1093 3472 judicis
1126 3392 1235 3453 literas
1258 3390 1487 3473 expeditorias,

213 3495 245 3558 si
274 3514 347 3576 quas
378 3495 485 3575 habet,
522 3498 554 3559 in
582 3496 667 3559 lacto
701 3498 867 3560 cuiusdam
893 3498 1027 3579 pecunie
1061 3512 1170 3559 contra
1197 3497 1367 3559 dominum
1393 3497 1486 3557 Jako-

211 3598 352 3664 mellum
377 3603 554 3685 producere
579 3604 684 3666 debet.
