3398 5364
1348 447 1405 528 361

247 658 326 719 ltem
362 677 457 720 causa
488 657 605 740 judicis
633 669 744 719 contra
776 657 957 739 lohanqnem
989 657 1029 721 ad
1062 672 1212 721 octavum
1246 659 1333 721 diem
1366 672 1413 720 est

148 776 330 847 prorogata.
1366 772 1371 779 '

248 871 327 933 Item
353 869 540 933 Anthonius
564 870 697 955 Jursych
725 884 840 933 octavo
864 870 916 933 die
948 872 1090 934 secundo
1122 892 1155 934 se
1179 893 1276 957 super
1299 893 1338 935 eo
1363 872 1410 955 ju-

143 977 236 1058 rabit,
262 978 350 1059 quod
376 979 444 1060 ipse
469 978 508 1039 de
533 977 643 1039 debito
667 993 789 1060 septem
808 998 999 1058 marcarum,
1023 979 1141 1061 quibus
1165 977 1277 1042 lratres
1294 979 1411 1043 Valen-

144 1082 203 1145 tini
221 1083 298 1146 dicti
317 1084 443 1146 Berend
462 1083 624 1146 debitores
641 1082 775 1145 luissent
798 1083 894 1145 nichil
912 1085 1092 1167 recepisset,
1109 1100 1140 1147 et
1164 1086 1252 1167 quod
1269 1087 1410 1168 quedam

143 1189 234 1251 litere
259 1189 320 1252 sibi
346 1189 548 1272 inpignorate
574 1189 724 1268 luissent;
757 1190 825 1272 ipse
851 1190 1039 1253 Valentinus
1071 1192 1189 1253 dictam
1214 1211 1343 1254 causam
1369 1192 1410 1254 ad

141 1296 297 1378 antiquos
320 1296 441 1378 judices
465 1295 650 1379 appellavit.

251 1402 330 1464 ltem
359 1402 550 1465 Valentinus
581 1402 685 1464 dictus
716 1403 842 1465 Berend
876 1417 990 1464 octavo
1015 1403 1067 1465 die
1099 1423 1258 1485 supereo
1282 1402 1410 1485 jurabit,

144 1508 234 1590 quod
260 1507 463 1570 Anthonium
488 1507 622 1591 Jursych
646 1509 821 1590 quemdam
840 1510 956 1571 bovem
979 1524 1009 1571 et
1031 1509 1137 1592 ipsum
1163 1510 1278 1571 bovem
1303 1525 1411 1572 custus

144 1616 309 1678 habuisset
332 1634 399 1677 non
423 1615 597 1698 petivisset.
622 1618 694 1693 (sic).

250 1739 328 1802 ltem
355 1740 440 1802 lwan
465 1754 555 1802 sutor
578 1741 677 1801 tercio
700 1761 734 1802 se
765 1754 879 1804 octavo
903 1740 955 1802 die
987 1760 1082 1822 super
1106 1761 1146 1803 eo
1169 1742 1296 1824 jurabit,
1321 1742 1409 1823 quod

143 1846 211 1928 ipse
225 1860 336 1909 contra
348 1846 560 1908 Benedictum
578 1861 718 1908 sutorem
734 1848 764 1908 in
783 1848 924 1929 quodam
943 1846 1027 1909 lacto
1040 1846 1125 1910 furto
1145 1849 1299 1910 innocens
1319 1862 1410 1911 esset.

252 1951 329 2014 Item
355 1952 518 2015 Fabianus
542 1952 684 2014 secundo
708 1973 741 2015 se
773 1973 930 2036 supereo
955 1952 1073 2035 jurabit
1105 1954 1193 2035 quod
1218 1955 1321 2036 ipsum
1348 1955 1410 2016 Bo-

143 2058 282 2143 zoulych
311 2060 520 2122 vulnerasset.

249 2166 327 2228 ltem
347 2186 441 2228 causa
459 2167 605 2228 Mauricii
623 2181 733 2229 contra
751 2167 931 2229 lohanncm
950 2166 1050 2229 filium
1069 2167 1180 2229 militis
1201 2167 1242 2228 ad
1259 2181 1408 2229 octavum

142 2273 229 2334 diem
255 2272 295 2334 ad
320 2292 432 2355 pacem
457 2287 503 2334 est
526 2288 708 2355 prorogata.

252 2379 330 2441 ltem
355 2392 461 2441 custos
475 2393 584 2440 contra
599 2379 753 2441 Jacobum
767 2378 939 2462 pellificem
954 2379 1118 2459 injudicio
1136 2399 1200 2440 non
1218 2380 1407 2460 comparuit.

249 2485 328 2547 ltem
361 2484 451 2567 quod
483 2485 558 2566 quia
591 2485 744 2547 Nicolaus
776 2484 938 2567 Glesnyak
976 2485 1197 2547 testimonium
1231 2485 1408 2567 producere

141 2593 262 2655 debens
286 2610 350 2653 non
376 2591 528 2673 produxit
551 2605 665 2653 contra
691 2590 808 2670 Mathe,
834 2591 907 2652 ideo
932 2610 1061 2653 causam
1086 2611 1176 2653 suam
1202 2591 1354 2673 perdidit.

292 2827 387 2902 Feria
415 2835 514 2901 sexta
543 2832 697 2918 proxima
726 2838 803 2918 post
830 2829 953 2901 festum
981 2829 1070 2901 beati
1099 2828 1252 2901 Dionlsii.

246 3000 323 3061 ltem
338 2999 486 3082 Mychael
500 2998 585 3061 filius
602 2999 751 3060 Damiaui
770 3019 825 3082 per
843 2999 1009 3060 dominam
1027 3000 1162 3061 Elenam
1176 3011 1207 3059 et
1224 2997 1403 3059 lohannem

140 3107 200 3170 hoc
225 3107 384 3186 atestabit,
408 3106 496 3188 quod
530 3106 636 3188 ipsum
669 3107 779 3168 Petrus
811 3105 989 3168 interficere
1019 3106 1183 3183 voluisset,
1217 3118 1247 3166 et
1271 3103 1331 3166 hoc
1356 3125 1409 3166 oc·

141 3227 215 3276 tavo
242 3212 306 3276 die.

248 3318 327 3382 ltem
360 3318 491 3380 domina
526 3318 636 3381 relicta
662 3318 751 3379 Pauli
789 3338 845 3401 per
877 3318 1079 3401 Mychaelem
1111 3318 1346 3400 carpentarium
1380 3331 1411 3380 et

140 3426 280 3489 Paulum
303 3423 502 3487 aurifabrum
527 3423 588 3486 hoc
612 3425 769 3502 atestabit‚
793 3425 882 3507 quod
907 3425 1007 3507 ipsam
1042 3424 1161 3486 Paulus
1184 3443 1258 3485 cum
1282 3423 1350 3485 filio
1376 3437 1408 3486 et

140 3533 205 3596 filia
230 3532 460 3594 verberassent.

248 3637 326 3700 Item
352 3638 471 3700 Paulus
490 3637 683 3699 Merichicha
701 3653 810 3700 contra
829 3638 1062 3719 Margaretham
1080 3639 1185 3720 primo
1209 3637 1323 3699 citatus
1340 3656 1405 3699 non

140 3746 333 3829 comparuit.

248 3851 327 3913 ltem
354 3849 508 3913 Scitarich
533 3864 643 3911 contra
669 3850 809 3912 Brumen
834 3849 939 3931 primo
975 3850 1089 3912 citatus
1127 3869 1192 3912 non
1218 3849 1407 3931 comparuit.

246 3957 325 4019 ltem
350 3957 435 4018 lwan
461 3955 613 4040 Loytrich
638 3969 748 4018 contra
777 3955 957 4018 iohannem
982 3956 1084 4018 filium
1119 3956 1201 4017 Petri
1228 3956 1332 4038 primo
1366 3956 1409 4018 ci·

140 4079 223 4128 tatus
247 4083 313 4125 non
339 4063 530 4145 comparuit.

249 4169 328 4233 Item
353 4188 447 4231 causa
472 4169 594 4230 Mareni
620 4167 712 4249 jurati
737 4182 847 4230 contra
871 4167 1059 4250 Bozoulych
1084 4168 1124 4229 ad
1148 4181 1298 4229 octavum
1322 4167 1409 4230 diem

139 4278 179 4340 ad
203 4295 317 4360 pacem
343 4289 391 4338 est
414 4288 552 4358 recepta.

249 4384 326 4446 ltem
352 4402 444 4444 causa
471 4381 618 4443 Mauricii
643 4395 752 4442 contra
777 4382 995 4463 Dragozlaum
1019 4382 1059 4444 ad
1084 4396 1233 4444 octavum
1258 4382 1345 4446 diem
1369 4382 1410 4445 ad

143 4510 253 4572 pacem
279 4502 326 4552 est
350 4502 486 4571 recepta.

249 4595 327 4657 ltem
353 4595 504 4657 Nicolaus
529 4593 614 4656 filius
638 4594 786 4656 Matheus
810 4608 919 4656 contra
954 4594 1134 4657 Johannem
1159 4596 1264 4678 primo
1296 4596 1409 4658 citatus

143 4720 207 4765 non
232 4701 424 4784 comparuit.

141 4858 144 4863 ,
248 4809 326 4871 ltem
352 4828 446 4870 causa
472 4806 627 4869 iohannis
644 4806 700 4869 filii
726 4807 852 4870 Nicolai
871 4822 980 4869 contra
999 4808 1178 4870 lohannem
1195 4807 1299 4870 filium
1318 4807 1409 4870 Pauli

142 4928 175 4978 et
197 4914 401 5001 Mychaelem
425 4961 433 4976 .
459 4961 466 4976 .
490 4913 531 4976 ad
556 4928 706 4976 octavum
732 4913 817 4976 diem
842 4914 882 4975 ad
907 4933 1018 4995 pacem
1043 4927 1090 4976 est
1114 4927 1251 4996 recepta.
1381 4914 1385 4920 '
