3404 5362
506 386 593 444 Anno
616 382 705 462 1378.
730 419 771 429 -
794 383 825 446 ό.
849 384 965 460 aprilis.
1328 408 1387 469 119

226 597 302 660 Item
339 596 503 658 Johaunes
537 597 637 658 Pazar
673 611 782 658 contra
818 597 1002 678 Dragonam
1035 598 1140 679 prImo
1174 599 1287 660 citatus
1319 619 1386 661 nou

139 705 312 786 comparuit.

226 809 304 870 Item
326 809 452 870 Peruen
475 822 586 870 contra
603 809 817 870 Laurencium
839 809 944 891 primo
968 809 1082 871 citatus
1106 828 1171 871 non
1196 811 1387 892 comparuit.

226 912 304 976 Item
342 913 510 997 Philippus
544 913 624 976 lisici
666 929 776 977 contra
808 913 987 996 Georgium
1030 915 1137 996 primo
1172 915 1286 977 citatus
1321 935 1388 977 uon

131 1021 310 1102 comparuit.

225 1127 304 1189 Item
341 1127 518 1210 Dyonisius
553 1140 641 1189 sutor
674 1142 784 1190 contra
818 1127 994 1189 Bedicham
1029 1128 1135 1210 prImo
1172 1128 1286 1189 citatus
1322 1147 1388 1190 uon

127 1235 312 1317 comparuit.

229 1339 307 1402 Item
330 1340 496 1401 Emericus
520 1339 611 1403 laber
634 1355 743 1402 contra
769 1341 960 1424 Dyonisium
988 1339 1115 1402 fabrum
1139 1341 1243 1423 primo
1275 1339 1390 1402 citatus

126 1464 188 1506 nou
213 1446 403 1528 comparuit.
1371 1503 1374 1511 .

228 1553 306 1614 Item
332 1572 425 1614 causa
451 1553 527 1614 Iuan
552 1568 584 1615 et
600 1553 730 1616 Martini
743 1554 944 1642 ,carpentarii
962 1566 1009 1617 est
1021 1573 1077 1635 per
1100 1553 1267 1635 Filippum
1284 1552 1388 1614 Mauri

127 1659 162 1720 ad
188 1657 302 1721 leriam
328 1673 450 1722 sextam
472 1673 599 1743 recepta
624 1660 663 1721 ad
686 1680 808 1742 pacem,
832 1661 857 1721 si
882 1660 991 1722 medio
1023 1675 1168 1742 tempore
1193 1659 1389 1721 concordare

128 1767 393 1846 poterunt„bene
417 1765 562 1847 quidem,
579 1766 725 1847 alioquin
749 1767 846 1828 citare
870 1766 1001 1828 debebit
1025 1766 1176 1827 eundem.

230 1872 310 1934 Item
334 1872 486 1952 magister
509 1872 629 1933 Paulus
652 1872 800 1935 atestavit
830 1892 904 1934 cum
928 1870 1063 1933 luchech
1097 1871 1307 1953 carpentario,
1332 1869 1388 1952 qui

126 1978 182 2039 sibi
207 1977 319 2040 fimum
345 1978 501 2057 vendidit,
526 1993 556 2040 et
581 1976 774 2059 Gregorium
800 1979 856 2060 qui
880 1979 985 2060 ipsum
1009 1978 1173 2040 conduxit.

227 2102 306 2164 Item
339 2101 487 2185 MychaeI
519 2102 678 2186 Damyani
715 2103 863 2165 atestabit
894 2122 951 2185 per
989 2102 1123 2163 Iuauum
1159 2100 1323 2162 Korosech
1357 2113 1388 2161 et

128 2208 265 2287 Markus,
296 2208 385 2289 quod
418 2207 505 2269 idem
536 2207 614 2270 Iuan
645 2208 758 2270 fimum
790 2209 933 2289 magistri
966 2209 1056 2270 Pauli
1087 2208 1147 2269 sibi
1173 2205 1387 2281 vendidIsset;

128 2312 202 2375 leria
225 2328 312 2375 sexta
336 2333 422 2376 nunc
446 2327 580 2377 ventura
603 2316 795 2377 atestabunt.

228 2419 307 2481 Item
334 2420 443 2482 Endre
467 2433 577 2483 contra
601 2421 678 2483 Iuan
704 2422 939 2503 carpentarium
963 2419 1042 2482 feria
1066 2433 1153 2482 sexta
1170 2418 1387 2502 respondebit.

228 2542 307 2606 Item
331 2564 426 2606 causa
446 2544 570 2607 Radeni
596 2559 626 2607 et
651 2545 776 2607 Nicolai
801 2545 910 2606 estad
935 2544 1048 2607 ferlam
1072 2556 1193 2606 sextam
1217 2563 1273 2626 per
1298 2543 1388 2604 Mau·

128 2651 236 2712 ricium
258 2664 289 2713 et
313 2651 528 2713 Laurencium
554 2650 716 2713 Gallicum
741 2666 866 2734 recepta
891 2651 931 2712 ad
955 2670 1078 2733 pacem.

225 2772 304 2835 Item
337 2773 500 2836 Johaunes
529 2775 674 2838 literatus
705 2790 735 2838 et
767 2776 963 2837 Laurentius
994 2789 1104 2837 contra
1137 2775 1272 2836 Iuanum
1304 2772 1384 2834 feria

129 2893 210 2941 sexta
235 2880 485 2963 respondebunt.

230 2986 308 3048 Item
333 2986 525 3070 Stephanus,
558 2988 681 3066 Marko,
711 2988 890 3071 Philippus,
922 2988 1095 3066 Johaunes,
1120 2987 1227 3050 Mathe
1259 2999 1291 3049 et
1319 2990 1388 3046 An-

130 3090 214 3154 dreas
237 3107 347 3155 contra
372 3092 501 3155 Petrum
525 3092 604 3155 seria
626 3108 713 3157 sexta
738 3114 823 3156 nunc
846 3108 980 3156 ventura
1004 3093 1254 3176 respondebunt.

228 3198 307 3261 Item
323 3199 476 3262 dominus
492 3200 638 3262 Donatus
655 3214 764 3263 contra
783 3200 975 3283 Gregorium
994 3216 1024 3264 et
1041 3201 1220 3282 Georgium
1243 3198 1386 3260 secundo

130 3304 237 3366 citatus
263 3325 327 3368 nou
353 3307 543 3388 comparuit.

230 3410 310 3475 Item
333 3411 487 3475 Clemens
510 3427 599 3474 sutor
622 3413 702 3474 duas
725 3426 813 3475 cutes
840 3415 975 3476 bovinas
1000 3427 1031 3475 et
1054 3433 1152 3475 unam
1176 3431 1309 3493 pensam
1333 3410 1388 3473 de·

132 3516 288 3579 uariorum
312 3517 448 3580 domino
472 3519 574 3580 Priori
600 3520 700 3581 sancti
727 3519 851 3581 Nicolai
877 3520 909 3581 in
934 3519 1107 3601 quindenis
1130 3519 1282 3581 exsolvet.

231 3641 310 3703 Item
333 3641 531 3704 Wlkouicha
556 3657 665 3706 contra
695 3642 889 3725 Gregorium
914 3643 991 3706 feria
1016 3659 1103 3707 sexta
1128 3643 1343 3726 respondebit.

231 3746 309 3809 Item
334 3746 511 3830 Gregorius
534 3763 644 3811 contra
669 3750 773 3813 Ellam
803 3770 937 3832 parvum
962 3749 1040 3812 lesia
1063 3764 1150 3812 sexta
1171 3749 1388 3833 respondebit.

230 3854 308 3915 Item
333 3856 457 3917 Mareas
480 3868 590 3917 contra
614 3857 718 3918 Ellam
743 3857 885 3918 secundo
918 3857 1031 3919 citatus
1055 3878 1120 3919 non
1145 3856 1334 3940 comparuit.

230 3960 308 4023 Item
333 3961 516 4044 Stephanus
531 3962 620 4024 faber
644 3977 675 4025 et
691 3963 802 4025 Petrus
817 3978 918 4026 sartor
934 3978 1044 4026 contra
1061 3962 1229 4026 Eltzabeth
1246 3962 1387 4024 secundo

131 4065 209 4129 citati
234 4086 300 4129 nou
326 4083 584 4150 comparuerunt.

230 4174 308 4237 Item
322 4173 469 4258 Mycbael
483 4175 642 4258 Damyani
656 4191 688 4237 et
699 4175 809 4237 Petrus
821 4189 1036 4255 asseruerunt,
1048 4176 1137 4259 quod
1151 4175 1210 4258 ipsi
1224 4173 1387 4256 quendam

130 4276 236 4342 fimum
260 4279 395 4342 domino
420 4279 570 4364 Philippo
594 4283 697 4344 Mauri
715 4282 877 4344 dedissent
900 4297 973 4346 ante
996 4297 1123 4365 portam
1147 4280 1343 4344 carnificum.

231 4403 309 4466 Item
341 4405 496 4467 Nicolaus
527 4403 612 4468 filius
642 4406 767 4469 Nicolai
801 4406 936 4469 Nicolao
968 4407 1129 4469 aurifabro
1159 4407 1191 4468 ln
1217 4405 1389 4487 quindenis

129 4524 264 4591 quatuor
287 4530 409 4573 marcas
433 4525 464 4574 et
487 4512 569 4574 duos
593 4513 729 4575 cubulos
761 4512 912 4576 frumenti
945 4514 1088 4576 exsolvet
1112 4528 1143 4575 et
1166 4526 1229 4576 tres
1252 4513 1389 4575 cubulos

128 4613 253 4698 frugum
278 4617 311 4678 iu
336 4619 487 4681 novitate.

230 4722 309 4785 Item
333 4723 442 4786 Mathe
473 4738 587 4787 octavo
618 4725 671 4788 die
703 4741 811 4787 contra
844 4726 1038 4809 Dyonisium
1070 4726 1188 4807 jurabit
1216 4746 1249 4789 se
1273 4725 1389 4788 tercius

128 4825 203 4892 lesia
225 4829 324 4891 tercia
347 4830 381 4891 in
405 4849 455 4910 eo,
479 4830 567 4912 quod
586 4831 652 4914 lpse
670 4832 775 4914 ipsum
792 4850 857 4892 non
876 4832 1060 4894 derobasset
1081 4846 1112 4895 et
1128 4852 1193 4895 non
1211 4832 1388 4916 spoliasset.
