3404 5362
331 362 395 423 168
726 366 812 422 Anno
832 362 923 440 1582.
949 397 989 406 —
1015 362 1065 425 18.
1090 366 1204 439 aprilis.

327 573 415 635 dicto
440 589 571 636 cantore
595 575 729 636 ecclesie
761 574 957 635 chasmensis
989 589 1020 635 et
1044 574 1191 635 iohanne
1223 574 1291 636 filio
1315 575 1496 657 Mychaelis
1526 597 1595 659 pro·

327 694 474 741 curatore
499 681 576 741 dicti
608 681 733 741 domini
765 680 908 761 episcopi
940 680 1000 741 rite
1033 694 1064 740 et
1093 679 1249 760 legittime
1281 682 1501 763 prestiterunt,
1525 683 1597 745 ideo

328 786 462 848 eosdem
485 786 666 848 iohannem
691 801 721 846 et
738 786 874 847 alterum
899 785 1080 847 iohannem
1097 805 1192 867 super
1216 787 1381 867 premissis
1397 789 1599 850 reddidimus

327 910 366 953 ex
390 893 612 953 commisimus
635 891 812 973 expeditos.

435 997 514 1059 ltem
539 995 700 1077 Georgius
725 996 906 1079 Sydouvlnl
931 1011 1042 1058 contra
1066 995 1252 1078 Philippum
1277 998 1382 1079 primo
1399 999 1516 1060 citatus
1533 1019 1597 1061 non

329 1106 520 1188 comparuit.

435 1212 513 1272 ltem
535 1211 697 1271 lohannes
722 1210 896 1290 Hungarus
920 1223 951 1270 et
980 1208 1128 1291 Mychael
1152 1206 1272 1269 filiolus
1295 1227 1372 1269 suus
1399 1224 1513 1272 contra
1531 1212 1600 1272 Bla-

329 1319 412 1380 sium
437 1317 543 1399 primo
568 1317 653 1377 citati
679 1336 743 1377 non
769 1329 1029 1397 comparuerunt.

435 1423 513 1483 ltem
539 1422 685 1483 Thomas
709 1436 819 1482 contra
842 1418 1037 1502 Gregorium
1054 1419 1158 1481 filium
1182 1418 1338 1481 iohannis
1356 1421 1462 1501 primo
1488 1421 1601 1484 citatus

332 1549 399 1590 non
423 1528 613 1609 comparuit.

438 1636 516 1697 ltem
552 1647 658 1695 custos
691 1632 815 1693 Blasius
846 1645 957 1693 contra
989 1630 1145 1692 Mathiam
1174 1630 1314 1711 juratum
1346 1633 1453 1714 primo
1490 1634 1602 1696 citatus

330 1761 397 1803 non
421 1740 612 1822 comparuit.

435 1847 513 1908 ltem
538 1846 615 1906 luan
639 1844 742 1905 lollan
768 1859 879 1905 contra
909 1845 1067 1904 iacobum
1101 1842 1283 1905 carnificem
1316 1845 1461 1906 secundo
1488 1847 1602 1908 citatus

331 1974 396 2016 non
413 1941 612 2035 comparuit.

439 2060 515 2120 ltem
549 2057 657 2119 Endre
682 2057 748 2139 syr>
784 2071 894 2118 contra
927 2057 1097 2117 dominum
1129 2056 1253 2116 Lukam
1285 2056 1426 2118 condam
1459 2058 1600 2138 judicem

331 2168 437 2250 primo
462 2167 576 2226 citatus
600 2163 880 2245 noncomparuit.

439 2272 517 2333 ltem
551 2290 644 2332 causa
675 2269 840 2331 Benedicti
874 2283 904 2329 et
929 2269 1031 2329 Draslr
1055 2268 1095 2329 ad
1128 2283 1278 2330 octavum
1303 2269 1390 2330 diem
1423 2268 1464 2330 ad
1490 2288 1601 2350 pacem

333 2394 380 2441 est
405 2392 541 2459 recepta.

437 2485 516 2546 ltem
540 2483 703 2543 iohannes
726 2481 857 2563 jobagio
882 2480 1041 2564 Delasych
1069 2495 1180 2542 contra
1204 2481 1392 2562 magistrum
1419 2482 1602 2543 Barnabam

334 2603 448 2651 octavo
473 2589 525 2649 die
550 2587 766 2669 respondebit.
865 2588 867 2593 ’
1336 2650 1348 2662 ‚

440 2694 518 2754 ltem
544 2712 637 2754 causa
662 2693 787 2754 Herrici
819 2692 974 2754 carnificis
1006 2708 1116 2755 contra
1142 2693 1250 2754 Bartol
1283 2693 1458 2774 lapicidam
1482 2693 1525 2754 ad
1551 2714 1603 2755 oc·

335 2814 445 2861 tavum
470 2799 556 2859 diem
581 2799 620 2858 ad
645 2818 757 2880 pacem
782 2814 828 2860 est
853 2814 990 2881 recepta.

445 2905 522 2966 ltem
554 2924 648 2964 eausa
680 2904 813 2965 Fabiani
845 2906 961 2967 literati
993 2920 1025 2966 et
1060 2905 1144 2967 Petri
1177 2905 1286 2986 magni
1310 2925 1360 2983 eo,
1393 2905 1482 2986 quod
1508 2920 1606 2968 testes

340 3012 417 3073 dicti
430 3011 513 3072 Petri
531 3030 645 3071 omnes
661 3031 727 3071 non
744 3026 834 3072 erant
850 3026 1024 3092 presentes,
1036 3011 1076 3071 ad
1089 3025 1238 3072 octavum
1256 3011 1343 3072 diem
1357 3025 1404 3072 est
1419 3026 1605 3093 prorogata.

443 3118 520 3179 ltem
535 3115 712 3198 Gregorius
728 3115 823 3178 lrater
841 3117 990 3178 Damiani
1003 3118 1169 3178 universas
1185 3117 1293 3178 literas
1309 3116 1470 3197 antiquas,
1487 3119 1607 3199 quibus

341 3223 557 3285 mediantibus
580 3223 712 3283 domina
736 3242 867 3284 consors
890 3243 946 3284 sua
968 3223 1142 3304 quemdam
1158 3221 1295 3282 lundum
1320 3238 1553 3301 conservasset,
1577 3237 1607 3283 et

336 3331 438 3392 eciam
462 3343 691 3390 testamentum
716 3327 793 3389 leria
821 3330 919 3390 tercia
951 3329 1096 3411 proxime
1128 3343 1262 3390 ventura
1295 3328 1475 3409 producere
1501 3329 1606 3391 debet.

441 3437 518 3497 ltem
543 3455 637 3495 causa
663 3434 811 3516 Gregorii
835 3436 954 3516 Angeli
979 3450 1087 3497 contra
1112 3433 1189 3496 Scol
1210 3434 1252 3495 ad
1275 3449 1426 3496 octavum
1452 3434 1540 3496 diem
1565 3436 1605 3496 ad

335 3561 446 3626 pacem
472 3557 517 3602 est
541 3555 677 3621 recepta.

441 3648 519 3708 ltem
542 3641 683 3707 ‘Lachlro
718 3662 826 3707 contra
859 3646 1020 3708 Janchech
1056 3661 1210 3708 sartorem
1241 3647 1347 3728 primo
1380 3647 1496 3707 citatus
1542 3667 1607 3709 non

336 3753 526 3834 comparuit.

441 3859 520 3920 ltem
545 3877 638 3918 causa
671 3859 780 3918 Jacobi
813 3874 844 3919 et
876 3859 1015 3940 Mykusii
1041 3859 1179 3920 condam
1212 3858 1355 3938 judicum
1388 3857 1429 3919 ad
1453 3873 1606 3921 octavum

338 3965 424 4026 diem
449 3965 489 4025 ad
513 3983 626 4046 pacem
651 3979 697 4024 est
726 3979 863 4046 recepta.

443 4071 521 4131 ltem
546 4070 690 4130 Mirenus
707 4070 910 4151 Bogdanum‚
928 4072 1004 4132 item
1022 4069 1184 4151 Georgius
1200 4071 1373 4133 Nicolaum
1397 4071 1609 4155 Zdalchalep‚

337 4176 508 4236 Nicolaum
533 4176 615 4237 circa
645 4176 847 4237 Anthonium
880 4177 1072 4243 residentem
1104 4192 1135 4238 et
1158 4176 1313 4259 Gyurgelr
1346 4176 1425 4239 feria
1448 4181 1548 4241 tercia
1576 4180 1607 4241 in

337 4281 559 4342 testimonium
584 4283 761 4362 producere
786 4283 904 4344 debent
928 4297 1039 4344 contra
1063 4303 1141 4346 sese.

442 4387 521 4448 ltem
547 4389 653 4449 Mathe
678 4402 768 4449 sutor
791 4401 822 4448 et
848 4389 993 4450 Thomas
1025 4403 1135 4450 contra
1159 4409 1228 4451 sese
1260 4388 1339 4451 seria
1363 4391 1461 4452 tercia
1486 4393 1608 4473 produ·

338 4511 409 4553 cere
434 4493 552 4553 debent
575 4495 808 4555 testimonium.

444 4598 522 4659 ltem
552 4600 717 4660 Emericus
741 4619 875 4680 arcupar
899 4614 1013 4662 octavo
1038 4601 1090 4662 die
1114 4602 1215 4663 tercio
1238 4622 1270 4663 se
1296 4621 1455 4684 supereo
1479 4603 1608 4685 jurabit,

340 4704 428 4784 quod
452 4705 520 4786 ipse
546 4705 667 4766 Lucam
685 4705 823 4766 condam
840 4705 980 4785 judicem
998 4725 1063 4768 non
1082 4707 1308 4789 vituperaverit
1328 4727 1435 4790 neque
1451 4710 1493 4771 ad
1510 4711 1607 4773 inter·

339 4807 512 4873 ficiendum
539 4811 643 4892 ipsum
668 4811 877 4891 adjuvaverit.
