3398 5364
210 392 274 474 278
595 389 681 446 Anno
702 383 793 463 1387.
817 420 860 427 —
883 396 933 459 25.
957 386 1086 445 octobris.

1076 491 1281 498 ———
1304 492 1360 497 —
1375 491 1472 498 ...—

317 603 396 666 Item
419 600 601 683 (Marti)nus
632 615 721 661 sutor
752 610 862 660 contra
888 595 1134 678 suffraganeum
1157 608 1273 658 octavo
1298 595 1352 657 die
1376 595 1477 658 literas

213 731 286 773 suaa
310 709 459 771 exhibere
484 707 589 769 debet.

313 815 391 877 Item
408 815 489 876 inter
513 813 683 875 Lucasium
702 809 910 893 lreoiparium
927 823 958 871 et
975 809 1057 870 inter
1080 807 1265 870 Emericum
1285 827 1473 890 arcuparum

210 943 293 1006 pena
318 920 430 1002 viginti
454 937 634 981 marcarum
659 931 706 979 est
730 916 843 999 posita.

315 1027 392 1089 Item
418 1045 511 1088 causa
536 1024 691 1087 iohannis
724 1023 843 1085 nobilis
866 1036 897 1084 et
929 1021 1059 1083 alterius
1082 1019 1239 1082 iohannis
1269 1040 1374 1103 usque
1406 1034 1476 1083 octo

213 1135 282 1195 dies
306 1147 353 1196 est
376 1146 557 1215 prorogata.

319 1239 396 1301 Item
422 1257 516 1300 causa
541 1236 713 1319 Augustini
739 1249 848 1296 contra
870 1231 1069 1296 Anthonium
1095 1252 1288 1315 arcuparum
1313 1233 1478 1315 usquead

211 1358 288 1407 octo
313 1345 381 1407 dies
405 1357 452 1405 est
475 1357 655 1426 prorogata.

317 1450 395 1513 Item
414 1449 597 1512 Anthonius
614 1449 757 1510 literatus
773 1448 869 1509 simul
887 1466 960 1508 cum
973 1444 1110 1508 safarina
1126 1466 1182 1508 aua
1200 1461 1312 1508 contra
1328 1445 1477 1529 Gyurgelr

214 1556 357 1620 secundo
382 1557 468 1618 citati
493 1576 559 1618 non
583 1567 842 1636 comparuerunt.

315 1663 392 1725 Item
419 1663 493 1724 lvan
519 1661 693 1742 Ozmonog
717 1674 827 1721 contra
853 1659 1005 1741 Gyurgek
1031 1659 1136 1740 primo
1161 1659 1277 1720 citatus
1302 1678 1368 1721 non
1395 1677 1476 1720 corn-

215 1771 330 1854 paruit.

321 1875 398 1937 ltem
416 1873 600 1936 Anthonius
618 1872 702 1935 filius
720 1873 834 1934 Petren
858 1885 967 1933 contra
987 1871 1152 1933 Thomam
1171 1869 1277 1933 filium
1294 1871 1363 1933 laak
1380 1872 1478 1955 primo

215 1982 329 2044 citatus
353 2001 418 2042 non
447 1980 636 2062 comparuit.

320 2089 399 2149 ltem
432 2087 551 2149 Paulus
584 2085 678 2147 irater
712 2085 867 2147 Johannis
900 2099 1009 2147 contra
1042 2086 1171 2147 Petrum
1204 2098 1320 2148 octavo
1355 2086 1406 2148 die
1436 2106 1478 2147 re·

218 2194 401 2277 spondebit.

319 2300 397 2362 ltem
415 2299 509 2360 lvana
527 2298 643 2359 mulier
660 2312 769 2359 contra
787 2297 958 2359 Nicolaum
971 2299 1077 2380 primo
1093 2298 1187 2360 citata
1203 2318 1270 2360 non
1290 2300 1477 2382 comparuit.

319 2407 398 2469 ltem
423 2424 516 2467 causa
542 2404 631 2466 Pauli
655 2402 808 2465 aurifabri
834 2418 944 2465 contra
961 2403 1152 2466 Michaelem
1177 2404 1217 2466 ad
1242 2418 1317 2467 octo
1343 2406 1411 2467 dies
1435 2418 1478 2467 est

216 2527 396 2595 prorogata.

322 2620 400 2681 ltem
425 2620 549 2702 Symon
572 2617 658 2680 filius
675 2618 870 2700 Chepurnye
895 2629 1010 2679 octavo
1035 2617 1087 2678 die
1103 2617 1202 2680 tercio
1226 2638 1259 2679 ae
1284 2638 1386 2701 penes
1412 2638 1481 2681 suaa

213 2726 320 2788 literas
341 2746 435 2807 super
467 2746 505 2787 eo
539 2725 667 2806 jurabit,
700 2723 788 2804 quod
814 2722 968 2784 Micusius
998 2721 1084 2785 filius
1115 2724 1190 2785 lvan
1219 2724 1362 2788 condam
1387 2725 1479 2808 juder

215 2834 324 2895 relicte
355 2832 499 2913 magistri
532 2829 673 2893 Ralaelis
709 2846 739 2891 et
775 2828 848 2890 filiis
880 2829 945 2890 suis
976 2828 1122 2891 ducentia
1152 2829 1222 2892 flor.
1247 2831 1317 2893 auri
1356 2830 1480 2894 debitor

217 2959 282 3001 non
307 2938 427 3001 fuisset.

324 3045 401 3107 ltem
428 3044 500 3105 lvan
519 3044 619 3126 pistor
634 3055 749 3103 octavo
767 3041 818 3102 die
835 3061 930 3124 super
947 3061 986 3103 eo
1004 3040 1130 3121 jurabit,
1148 3043 1236 3124 quod
1252 3064 1335 3106 uxor
1354 3045 1480 3127 Georgii

215 3150 483 3214 molendinatoris
519 3150 623 3231 ipsum
659 3148 787 3209 racione
820 3149 1034 3229 quarumdam
1070 3147 1200 3231 frugum
1237 3170 1340 3232 usque
1372 3151 1480 3214 seriam

218 3273 339 3321 sextam
363 3276 448 3318 nunc
472 3269 640 3317 venturam
663 3252 834 3315 affidasset.

322 3364 398 3426 Item
417 3362 547 3444 Mathey
564 3360 648 3422 filius
662 3360 838 3438 Mikouich‚
856 3359 1017 3422 lohannes
1034 3375 1143 3422 contra
1159 3360 1364 3424 Clementem
1381 3363 1481 3446 primo

218 3471 302 3532 citati
328 3490 392 3531 non
422 3481 683 3551 comparuerunt.

269 3689 365 3763 Feria
393 3697 492 3761 sexta
522 3690 677 3778 proxima
699 3694 777 3758 aute
805 3686 926 3757 festum
955 3687 1046 3757 beati
1074 3686 1235 3759 Demetrii
1264 3692 1431 3761 martiris.

731 3843 795 3919 (25.
819 3839 962 3901 octobris).

322 3986 398 4047 ltem
425 3985 577 4046 Nicolaus
600 3998 710 4044 contra
736 3982 936 4064 Endreycam
962 3982 1130 4044 mulierem
1154 3982 1260 4065 primo
1277 3983 1394 4047 citatus
1420 4004 1482 4046 nou

218 4092 406 4175 comparuit.

323 4197 400 4259 ltem
427 4197 540 4258 Simon
565 4210 674 4258 contra
699 4195 852 4258 lofanum
876 4196 980 4278 primo
1006 4196 1119 4257 citatus
1143 4214 1209 4255 non
1235 4198 1427 4277 comparuit.

325 4304 401 4365 Item
438 4322 530 4364 causa
567 4302 699 4384 Georgii
737 4316 846 4364 contra
883 4301 1076 4384 Gregorium
1114 4300 1229 4382 Angeli
1271 4322 1368 4385 super
1403 4302 1484 4366 lacto

218 4409 383 4472 cuiusdam
408 4409 519 4470 eubuli
543 4409 583 4471 ad
608 4423 681 4470 octo
706 4411 774 4471 dies
798 4423 845 4471 est
869 4422 1049 4491 prorogata.

323 4515 401 4577 ltem
436 4516 547 4576 Petrus
592 4515 699 4577 Kurch
735 4530 843 4577 contra
885 4514 1079 4595 Gregorium
1123 4513 1227 4596 primo
1267 4515 1383 4577 citatus
1420 4534 1483 4578 nou

217 4622 406 4704 comparuit.

323 4729 400 4790 ltem
427 4728 588 4789 lohannes
621 4728 792 4808 Hlebopek
824 4740 933 4788 contra
966 4727 1134 4789 Elizabeth
1166 4726 1336 4789 mulierem
1370 4743 1482 4791 octavo

218 4835 269 4896 die
294 4849 389 4896 testes
413 4833 589 4917 producere
615 4833 722 4895 debet.
