3398 5364
590 407 791 488 Ann01378.
818 443 858 453 -
883 421 930 485 15.
954 409 1084 470 octobn‘s.
1419 429 1479 491 157

212 622 278 705 jura
302 623 328 684 si
345 641 409 704 qua
432 622 529 684 habet
543 640 639 704 super
663 621 761 683 domo
778 620 916 682 condam
933 619 1024 683 Pauli
1042 619 1118 681 dicti
1134 618 1289 682 Debelich
1307 620 1476 682 ostendere

213 729 308 791 debet
331 728 422 791 omni
445 728 514 790 sine
539 727 710 790 dilacione.

318 834 398 896 Item
422 832 606 895 Anthonius
628 851 728 914 gener
753 831 878 894 Cordar
902 846 1012 894 contra
1038 831 1209 894 Nicolaum
1235 831 1360 895 Odolas
1376 832 1482 915 primo

214 941 328 1002 citatus
352 958 418 1001 non
442 938 633 1021 comparuit.

320 1046 397 1109 ltem
428 1064 523 1107 causa
554 1045 641 1107 Luce
673 1043 803 1106 Bonioli
835 1057 866 1107 et
897 1044 1025 1106 Nicolai
1055 1044 1172 1126 Angeli
1197 1057 1243 1105 est
1275 1043 1315 1106 ad
1340 1044 1481 1126 primum

215 1152 371 1235 judicium
401 1166 475 1235 post
505 1151 681 1213 adventum
713 1150 812 1233 ipsius
843 1150 930 1212 Luce
963 1170 1018 1232 per
1054 1151 1210 1212 Iacobum
1244 1149 1323 1212 Bole
1356 1162 1482 1232 recepta

216 1259 256 1321 ad
279 1277 403 1342 pacem.

322 1366 400 1427 Item
423 1384 518 1427 causa
543 1364 676 1446 Georgii
693 1363 787 1445 jurati
812 1377 843 1427 et
867 1363 996 1425 Martini
1016 1364 1110 1444 Piper
1134 1374 1180 1425 est
1196 1383 1253 1445 per
1270 1361 1394 1444 judices
1409 1374 1482 1445 post

218 1491 310 1534 suum
335 1471 511 1534 adventum
534 1471 575 1533 ad
598 1470 776 1533 secundum
800 1470 957 1552 judicium
983 1454 1164 1552 prorogata.

287 1707 384 1783 Feria
412 1717 510 1781 sexta
537 1711 692 1798 proxima
720 1716 798 1781 ante
825 1708 948 1781 festum
967 1711 1058 1780 beati
1088 1706 1175 1779 Galli
1204 1706 1417 1778 contessoris.

737 1860 801 1939 (15.
824 1861 963 1935 octobrio.

322 2002 430 2064 Primo
456 2001 616 2083 Georgius
639 2016 750 2064 contra
774 2001 945 2063 Nicolaum
967 2000 1097 2063 fratrem
1122 2020 1216 2062 suum
1241 2001 1347 2083 primo
1372 2000 1485 2062 citatus

221 2127 283 2171 non
311 2108 500 2190 comparuit.

323 2213 404 2276 Item
427 2213 499 2275 Elia
522 2211 682 2276 aurifaber
698 2227 808 2276 contra
825 2213 996 2276 Nicolaum
1016 2213 1140 2275 Odolas
1156 2213 1262 2297 primo
1280 2213 1394 2276 citatus
1419 2231 1485 2274 non

221 2320 408 2404 comparuit.

324 2426 403 2489 ltem
427 2426 589 2489 lohannes
613 2426 708 2487 Pasar
733 2441 842 2488 contra
867 2425 1047 2489 Iohannem
1072 2425 1270 2508 freniparum
1293 2438 1408 2488 octavo
1433 2424 1485 2486 die

221 2532 437 2615 respondebit.

323 2638 403 2701 Item
427 2638 578 2700 dominus
602 2637 757 2700 Micusius
781 2652 812 2700 et
835 2639 947 2702 Petrus
971 2639 1128 2722 plebanus
1152 2651 1266 2701 octavo
1291 2638 1393 2699 diesi
1422 2657 1485 2719 qua

221 2742 286 2824 jura
310 2743 483 2806 habuerint
506 2763 602 2826 super
625 2743 765 2825 quadam
788 2758 871 2807 terra
895 2745 1008 2806 arabili
1033 2744 1221 2827 producent.

323 2851 404 2915 ltem
427 2850 610 2913 Alexander
625 2852 657 2912 in
675 2831 847 2932 quindenis
871 2850 1032 2932 Gregorio
1050 2870 1161 2913 voscar
1184 2852 1209 2912 ll
1228 2850 1297 2914 flor.
1314 2850 1485 2933 persolvet.

324 2958 404 3021 Item
428 2957 575 3041 Mychael
605 2957 689 3019 filius
720 2957 811 3019 Pauli
843 2970 954 3019 contra
988 2957 1158 3020 dominum
1183 2956 1356 3019 Micusium
1387 2955 1487 3017 tercio

222 3065 333 3128 citatus
356 3082 423 3126 non
449 3063 629 3146 comparuit
652 3083 758 3145 neque
782 3064 870 3125 misit
892 3063 1037 3145 aliquam
1061 3083 1232 3146 personam
1255 3062 1486 3145 responsalem.

327 3170 407 3232 ltem
436 3168 573 3231 Mathias
604 3167 688 3230 lilius
721 3169 855 3230 oroznik
887 3167 964 3231 feria
995 3169 1093 3231 tercia
1117 3169 1225 3231 omnia
1258 3169 1327 3251 jura
1350 3167 1487 3230 literalia

222 3295 314 3359 super
338 3274 438 3338 domo
462 3274 601 3337 condam
624 3274 755 3336 domine
780 3275 980 3357 Margarethe
1005 3275 1155 3338 exhibere
1183 3274 1316 3337 debebit
1340 3274 1425 3336 iuxta
1449 3272 1487 3335 li-

223 3395 333 3461 teram,
358 3401 422 3463 que
447 3394 496 3443 est
519 3381 551 3443 in
568 3400 660 3463 capsa
685 3395 792 3444 nostre
809 3383 1049 3444 communitatis
1066 3382 1199 3460 reclusa,
1223 3381 1249 3442 si
1267 3400 1344 3441 vero
1362 3380 1486 3461 aliquas

222 3488 327 3551 literas
351 3487 507 3550 ocultaret
530 3500 561 3550 et
585 3507 650 3550 uon
674 3487 847 3567 exhiberet,
879 3489 1009 3551 easdem
1034 3506 1154 3568 cassas,
1187 3487 1350 3549 nocituras
1381 3501 1412 3548 et
1436 3486 1484 3547 iu·

223 3612 321 3656 naues
344 3591 551 3655 affirmamus.

327 3700 407 3762 Item
420 3699 565 3781 Dragech
582 3697 669 3761 filius
685 3698 834 3762 Nalarich
852 3714 961 3762 contra
980 3700 1151 3762 dominum
1168 3699 1362 3762 Michaelem
1382 3700 1488 3783 primo

225 3809 336 3872 citatus
359 3826 426 3870 non
453 3807 642 3890 comparuit.

328 3914 408 3977 Item
432 3913 592 3995 Georgius
616 3926 730 3977 octavo
747 3913 799 3975 die
825 3927 935 3976 contra
953 3914 1123 3975 Marenum
1147 3928 1178 3976 et
1202 3912 1397 3994 Gregorium
1422 3916 1489 3974 Aa·

224 4021 287 4102 geli
311 4020 459 4083 atestabit
482 4033 591 4081 contra
615 4020 868 4103 Wlkouycham.

330 4126 408 4187 ltem
431 4124 616 4187 Anthonius
639 4140 748 4187 contra
773 4126 944 4188 Nicolaum
969 4123 1094 4187 Odolas
1116 4110 1260 4188 secundo
1285 4125 1400 4186 citatus
1423 4142 1488 4184 uon

226 4232 414 4316 comparuit.

329 4339 409 4402 ltem
434 4338 586 4402 Clemens
608 4352 697 4401 sutor
721 4338 880 4422 Mychaeli
905 4337 1066 4421 Orthophi
1093 4358 1210 4400 novem
1246 4356 1369 4399 marcas
1393 4336 1490 4398 dena·

225 4445 345 4508 tiorum
371 4446 404 4507 in
427 4446 599 4528 quindenis
623 4446 792 4529 persolvet,
811 4444 849 4506 de
866 4445 984 4527 quibus
1008 4445 1119 4507 habuit
1142 4445 1233 4506 XXX
1251 4443 1387 4506 cubulos
1411 4443 1488 4504 vini.

330 4552 410 4615 ltem
442 4551 537 4614 Malia
561 4565 593 4614 et
624 4550 800 4633 Gregorius
831 4564 941 4614 contra
975 4551 1178 4614 Clementem
1209 4564 1352 4612 sutorem
1385 4550 1490 4632 primo

227 4657 312 4720 citati
340 4677 406 4720 non
431 4671 690 4740 comparuerunt.

331 4764 590 4827 ltemJohannes
618 4763 705 4825 Filar
736 4777 845 4827 contra
877 4764 1079 4847 Mychaelem
1113 4763 1217 4827 Ortofi
1239 4763 1345 4847 primo
1378 4762 1491 4824 citatus

227 4889 293 4934 non
317 4871 508 4954 comparuit.
