3404 5362
217 379 276 437 124
602 361 688 419 Anno
712 357 803 436 1378.
828 393 869 403 —
887 374 944 436 30.
970 362 1084 434 aprilis.

213 615 311 689 FerIa
341 624 440 688 sexta
468 619 622 705 proxima
650 621 728 687 ante
755 615 879 687 festum
906 616 1082 687 beatorum
1110 614 1254 704 Philippi
1282 623 1317 686 et
1345 615 1466 705 Jacobi

725 739 966 827 apostolorum.

740 910 806 986 (30.
823 907 949 986 aprilis).

320 1067 429 1128 Primo
454 1068 610 1129 Martinus
635 1066 806 1148 ZequIrich
831 1082 940 1129 contra
965 1066 1168 1129 Anthonium
1194 1080 1225 1129 et
1249 1064 1418 1128 Geninum
1436 1066 1484 1148 ju·

214 1186 317 1235 ratum
342 1173 447 1255 primo
472 1173 585 1235 citatus
607 1193 672 1234 non
698 1174 887 1256 comparuit.

322 1297 400 1359 Item
433 1296 614 1379 Stephanus
644 1298 800 1360 sallivena
834 1317 890 1380 per
920 1295 1031 1358 Puchk
1064 1310 1094 1358 et
1118 1295 1249 1358 Petrum
1280 1309 1397 1357 octavo
1432 1295 1484 1358 die

213 1404 375 1482 atestabit,
401 1403 491 1486 quod
509 1404 576 1485 ipse
600 1404 732 1465 Vrbano
749 1404 948 1466 mercenario
973 1402 1098 1464 domini
1116 1403 1202 1465 Luce
1219 1401 1350 1463 B0nioli
1369 1414 1485 1482 quarto

214 1509 266 1570 die
290 1523 363 1592 post
387 1508 502 1571 festum
528 1510 612 1571 beati
634 1510 759 1572 NicoIai
777 1508 968 1571 confessoris
985 1528 1083 1571 unam
1108 1527 1249 1570 marcam
1273 1508 1485 1571 denariorum

213 1616 429 1698 persolvisset.

323 1741 400 1801 Item
426 1739 608 1822 Stephanus
624 1739 784 1822 joculator
801 1754 910 1801 contra
927 1739 1060 1800 luanam
1077 1738 1247 1801 mullerem
1263 1736 1486 1821 respondebit.

322 1847 400 1908 Item
426 1846 594 1929 Philippus
618 1859 730 1908 contra
754 1846 823 1907 Xus
846 1845 988 1906 secundo
1004 1845 1125 1906 citatus
1156 1864 1222 1906 non
1247 1846 1440 1928 comparuit.

322 1953 400 2014 Item
425 1953 570 2015 Iaklinus
587 1966 696 2014 contra
715 1951 892 2032 Georgium
910 1949 1035 2012 fabrum
1052 1966 1166 2013 octavo
1191 1951 1243 2012 die
1262 1951 1486 2033 respondebit.

323 2059 400 2120 Item
415 2059 597 2141 Stephanus
610 2057 771 2121 Crizozlai
785 2071 895 2119 contra
910 2057 1053 2118 Blasium
1069 2070 1184 2118 octavo
1196 2056 1250 2118 die
1263 2056 1486 2138 respondebit.

321 2165 400 2228 Item
427 2166 503 2226 Iuan
535 2179 645 2226 contra
678 2163 880 2247 Mychaelem
912 2163 1073 2246 Damyani
1103 2162 1246 2224 secundo
1278 2162 1393 2224 citatus
1418 2182 1486 2224 non

215 2272 405 2355 comparuit.

320 2377 400 2439 Item
426 2377 586 2458 Georgius
610 2377 829 2459 carpentarius
852 2389 962 2438 contra
987 2375 1189 2437 Anthonium
1212 2357 1406 2436 assessorem
1432 2393 1486 2436 oc·

214 2498 290 2545 tavo
315 2483 367 2544 die
392 2483 609 2564 respondebit.

322 2589 399 2648 Item
425 2587 588 2649 Johannes
613 2588 783 2670 Hlebopek
808 2601 918 2649 contra
950 2586 1086 2648 Iuanum
1117 2586 1353 2669 carpentarium
1378 2585 1487 2667 primo

216 2694 330 2754 citatus
355 2713 419 2754 non
445 2694 635 2774 comparuit.

322 2800 398 2859 Item
426 2799 593 2859 Emericus
617 2797 706 2860 faber
731 2799 890 2882 Dyonisio
907 2796 998 2860 fabro
1021 2799 1054 2860 in
1077 2798 1252 2881 quindenis
1267 2798 1358 2860 XXV
1375 2818 1489 2861 currus

215 2904 282 2966 fimi
305 2905 380 2966 dare
405 2905 501 2967 debet
525 2904 668 2967 indilate.

322 3030 399 3090 Item
415 3029 596 3110 Stephanus
608 3042 639 3090 et
655 3027 815 3109 Georgius
832 3044 941 3090 contra
960 3028 1113 3112 Gyurgek
1129 3028 1360 3110 calcariparum
1379 3029 1489 3110 primo

216 3135 302 3196 citati
328 3155 392 3196 non
418 3148 677 3216 comparuerunt.
1120 3207 1123 3215 ,

322 3241 400 3303 Item
425 3262 518 3303 causa
535 3241 650 3323 judicis
674 3256 705 3303 et
721 3242 898 3322 juratorum
916 3257 1026 3303 contra
1045 3240 1223 3322 Georgium
1248 3241 1489 3322 carpentarium

217 3361 263 3409 est
287 3367 343 3430 per
367 3362 462 3409 testes
485 3348 526 3408 ad
550 3347 663 3409 IerIam
687 3349 819 3409 terciam
845 3368 930 3409 nunc
959 3362 1129 3409 venturam
1152 3359 1279 3429 recepta
1303 3345 1343 3407 ad
1361 3365 1490 3428 pacem.

323 3472 401 3533 Item
425 3470 585 3552 Georgius
609 3471 760 3533 Zirothke
785 3485 895 3534 contra
927 3471 1115 3554 Philippum
1139 3470 1244 3552 primo
1269 3469 1383 3531 citatus
1419 3489 1487 3532 non

216 3580 409 3661 comparuit.

323 3703 430 3764 Posita
456 3717 502 3764 est
526 3723 608 3785 pena
633 3704 715 3765 inter
737 3703 907 3764 Nicolaum
926 3702 1046 3764 dictum
1072 3699 1285 3764 Zrebernicha
1310 3712 1341 3762 et
1366 3701 1484 3783 Symo·

217 3829 290 3869 nem
315 3823 470 3870 sartorem
494 3809 584 3871 XXV
619 3829 734 3887 marce,
759 3810 783 3869 si
809 3829 880 3891 pars
913 3822 1037 3889 partem
1061 3809 1171 3886 verbo,
1203 3805 1287 3869 facto
1312 3806 1362 3867 vel
1387 3826 1487 3889 opere

217 3912 359 3976 offendet
384 3934 554 3996 quousque
579 3915 703 3996 justicia
727 3914 781 3977 fiet
806 3915 844 3976 de
873 3916 1060 3976 verberibus
1091 3914 1199 3976 uxoris
1223 3914 1323 3996 ipsius
1347 3913 1487 3976 Nicolai.

323 4039 400 4101 Item
426 4040 601 4122 Dyonisius
632 4054 721 4101 sutor
752 4052 861 4101 contra
893 4038 1068 4100 Bedicham
1100 4037 1243 4099 secundo
1275 4037 1391 4100 citatus
1419 4057 1486 4099 non

217 4146 408 4227 comparuit.

323 4251 401 4312 Item
433 4251 584 4313 dominus
617 4252 762 4312 Donatus
793 4264 908 4312 octavo
933 4250 984 4312 die
1018 4265 1127 4313 contra
1155 4249 1351 4331 Gregorium
1377 4250 1486 4312 literas

217 4357 432 4439 expeditorias
456 4358 480 4417 si
506 4377 585 4438 quas
610 4356 757 4418 habuerit
780 4356 947 4439 producet.

323 4464 400 4525 Item
426 4483 519 4524 causa
545 4463 710 4540 Iohannis,
728 4461 860 4544 Georgii
879 4478 910 4524 et
927 4462 1141 4546 Uulkouyche
1163 4475 1210 4524 est
1232 4481 1289 4545 per
1306 4461 1488 4524 Johannem

217 4569 333 4630 Lieber
357 4570 397 4630 ad
423 4583 495 4630 octo
521 4569 589 4629 dies
613 4583 739 4650 recepta
764 4569 803 4629 ad
829 4588 954 4650 pacem.

324 4692 401 4754 Item
428 4694 514 4754 Luca
539 4693 670 4754 Bonioli
688 4708 801 4754 octavo
819 4693 870 4754 die
895 4708 1005 4756 contra
1029 4694 1178 4756 libellum
1197 4691 1331 4773 Georgii
1357 4693 1488 4754 sartoris

217 4799 353 4860 condam
380 4800 547 4861 assessoris
571 4799 789 4880 respondebit.
