3404 5362
596 102 683 160 Anno
707 97 797 178 1387.
821 136 864 144 -
889 117 916 177 3.
940 102 1099 162 decembris.

328 313 407 375 ltem
433 332 527 375 causa
550 312 693 394 magistri
720 311 821 375 Pauli.

328 420 406 482 Item
432 419 607 481 comissarii
632 418 769 480 condam
798 418 897 480 Marci
929 416 984 479 filii
1011 417 1137 480 Mikech
1167 431 1277 480 contra
1302 417 1488 500 magistrum

210 527 359 589 Paulum
384 540 500 588 octavo
524 525 577 588 die
602 524 854 607 respondebunt.

329 634 406 695 ltem
432 632 643 714 Dragozlaus,
669 632 754 693 Luca
778 631 895 709 decan,
920 630 1073 692 Nicolaus
1104 629 1244 691 carnifex
1269 644 1378 692 contra
1404 630 1486 690 Lau·

210 741 367 803 rencium
393 741 497 822 primo
529 739 614 801 citati
641 758 704 800 non
731 750 990 819 comparuerunt.

327 848 406 909 Item
430 847 485 909 Sib
519 845 646 907 Endree
677 857 788 907 contra
821 844 1008 925 magistrum
1041 843 1178 904 Paulum
1210 857 1324 906 octavo
1358 843 1409 905 die
1443 863 1487 904 re·

210 953 405 1038 spondebit.

329 1061 409 1122 ltem
437 1078 533 1121 unam
558 1072 704 1140 quartam
727 1057 813 1120 curie
839 1071 870 1119 et
885 1057 1091 1119 medietatem
1116 1057 1282 1119 cuiusdam
1301 1070 1382 1118 terre
1408 1057 1490 1118 Mar·

214 1167 354 1250 garethe
379 1165 444 1227 filie
468 1166 555 1227 lwan
580 1163 855 1246 adjudicaverunt.

328 1273 406 1335 ltem
432 1272 518 1334 lwan
535 1270 728 1333 Chudauich
745 1282 859 1332 octavo
884 1271 936 1332 die
953 1270 1095 1331 secundo
1120 1290 1152 1331 se
1178 1289 1335 1351 supereo
1361 1268 1488 1349 jurabit,

214 1378 310 1461 quod
336 1379 449 1441 Petrus
473 1378 612 1440 decanus
636 1376 696 1439 sibi
730 1376 975 1458 quatuordecim
1000 1376 1126 1438 cubulis
1151 1377 1228 1455 vini,
1253 1377 1409 1457 nonginta
1435 1376 1490 1436 de·

217 1485 322 1547 nariis
347 1484 474 1546 debitor
498 1484 611 1546 existit.

328 1591 407 1653 Item
433 1589 540 1652 Maleo
573 1591 658 1651 Luce
691 1589 833 1651 secundo
864 1609 897 1651 se
927 1603 1041 1651 octavo
1075 1589 1127 1651 die
1162 1609 1256 1671 super
1289 1610 1328 1650 eo
1363 1588 1490 1670 jurabit,

219 1697 311 1780 quod
337 1699 406 1781 ipse
430 1717 469 1760 eo
492 1711 649 1779 tempore,
675 1716 740 1778 quo
765 1696 928 1777 quandam
957 1697 1129 1778 pecuniam
1157 1695 1294 1757 lohanni
1320 1695 1387 1757 filio
1412 1696 1490 1757 Bole

214 1804 379 1882 solvisset,
413 1823 478 1865 non
503 1803 574 1885 plus
607 1802 667 1865 nisi
703 1802 995 1863 sextamdimidiam
1027 1821 1158 1883 pensam
1191 1801 1398 1863 denariorum
1433 1820 1490 1883 pro

221 1930 289 1973 uno
314 1909 439 1973 floreno
464 1910 531 1971 auri
557 1910 633 1972 dare
667 1909 780 1971 solitus
812 1907 932 1986 fuisset,
957 1920 988 1969 et
1019 1909 1086 1990 ipse
1116 1907 1278 1969 lohannes
1302 1927 1399 1989 super
1424 1908 1490 1988 ipsa

218 2016 391 2079 solucione
416 2029 587 2078 contentus
611 2014 731 2078 luisset.

332 2123 409 2185 ltem
423 2143 517 2185 causa
539 2123 672 2184 Zakarie
686 2135 795 2184 contra
810 2120 996 2204 Gyaninum
1014 2120 1053 2181 ad
1072 2134 1144 2181 octo
1163 2119 1231 2181 dies
1245 2135 1290 2182 est
1308 2131 1489 2202 prorogata.

330 2230 410 2292 ltem
435 2229 556 2291 Judeus
580 2241 690 2291 contra
715 2227 869 2290 Mathiam
895 2228 999 2309 primo
1028 2227 1143 2288 citatus
1167 2246 1231 2287 non
1257 2225 1447 2307 comparuit.

331 2335 408 2397 ltem
428 2334 597 2418 Gyaninus
616 2335 684 2396 Bon
708 2348 822 2395 octavo
841 2334 891 2394 die
913 2333 1011 2394 tercio
1035 2353 1068 2394 se
1084 2352 1178 2414 super
1196 2352 1234 2393 eo
1259 2332 1386 2414 jurabit,
1403 2331 1490 2413 quod

225 2440 291 2522 ipse
316 2441 452 2503 Nicolao
477 2440 681 2523 Lipouschak
706 2440 776 2522 (est)
801 2441 833 2501 in
858 2440 1010 2501 omnibus
1035 2440 1189 2500 innocens
1214 2440 1350 2521 penitus.

332 2547 409 2608 Item
428 2547 554 2609 Mikech
580 2562 689 2608 contra
716 2548 855 2608 eundem
874 2546 1044 2608 Nicolaum
1070 2559 1184 2607 octavo
1202 2547 1253 2606 die
1271 2545 1491 2627 respondebit.

288 2762 384 2838 Faria
413 2770 520 2838 tercia
548 2769 703 2854 proxima
731 2774 808 2854 post
836 2766 958 2838 festum
987 2767 1075 2837 beati
1107 2764 1236 2837 ladree
1267 2767 1423 2854 apostoli.

739 2921 782 2996 (3.
807 2919 980 2996 decembris).

331 3060 410 3121 Item
442 3059 550 3121 Bartol
584 3058 729 3121 Gallicus
761 3072 871 3120 contra
904 3058 1099 3120 Hanslinum
1132 3060 1237 3141 primo
1276 3060 1388 3121 citatus
1426 3080 1491 3121 non

231 3165 416 3247 comparuit.

332 3272 410 3334 ltem
444 3271 599 3334 Martinus
632 3286 741 3334 contra
774 3271 976 3333 Anthonium
1009 3272 1107 3333 Renis
1142 3273 1247 3354 primo
1281 3272 1394 3333 citatus
1426 3292 1491 3332 non

230 3379 416 3461 comparuit.

332 3484 410 3546 Item
436 3485 586 3546 Marenus
611 3500 720 3546 contra
745 3485 912 3548 Elizabeth
941 3486 1046 3568 primo
1071 3486 1184 3547 citatus
1209 3505 1273 3546 non
1301 3485 1490 3567 comparuit.

329 3590 409 3653 ltem
433 3591 617 3674 Matheyk0‚
646 3591 760 3674 Cygan
786 3607 816 3653 et
840 3593 958 3654 Paulus
982 3590 1145 3653 carnifices
1177 3589 1290 3653 contra
1311 3591 1488 3672 Georgium

230 3697 377 3778 pistorem
402 3697 544 3759 secundo
569 3698 654 3759 citati
675 3717 738 3758 non
767 3713 1025 3780 comparuerunt.

332 3804 410 3866 ltem
435 3804 644 3885 Dragozlaus,
671 3805 759 3865 luka
786 3818 816 3865 et
840 3805 953 3887 Cygan
978 3819 1088 3867 contra
1111 3805 1325 3866 Laurencium
1350 3804 1492 3865 secundo

231 3910 311 3973 citati
336 3931 402 3973 non
427 3923 686 3992 comparuerunt.

331 4017 410 4078 ltem
436 4016 617 4099 Stephanus
641 4017 780 4079 salivena
814 4030 923 4080 contra
949 4017 1015 4100 Syb
1039 4018 1144 4099 primo
1169 4017 1281 4077 citatus
1305 4035 1371 4078 non
1405 4035 1492 4078 com·

234 4125 341 4202 paruit.

331 4230 409 4292 ltem
440 4230 587 4314 Mathyas
610 4245 720 4292 contra
754 4229 861 4291 Mathe
894 4230 1036 4292 secundo
1071 4230 1185 4292 citatus
1210 4250 1274 4291 non
1304 4229 1493 4310 comparuit.

332 4337 410 4399 ltem
435 4357 528 4399 causa
553 4339 635 4399 inter
659 4337 813 4398 vicarium
838 4349 869 4397 et
894 4336 1091 4398 Peterlinum
1116 4356 1218 4417 usque
1244 4336 1384 4417 primum
1409 4332 1492 4415 judi-

236 4437 311 4503 cium
336 4456 383 4504 est
407 4457 577 4525 prorogata
603 4464 641 4506 eo
666 4443 775 4520 modo,
801 4457 835 4505 ut
858 4443 927 4505 aine
959 4443 1104 4505 ulteriori
1130 4444 1383 4524 prolongacione
1409 4443 1490 4505 inter

235 4538 310 4622 ipsas
332 4563 437 4632 partes
461 4550 587 4630 justicia
611 4549 674 4612 fiet.
