<?xml version="1.0" encoding="UTF-8"?>
<!DOCTYPE html PUBLIC "-//W3C//DTD XHTML 1.0 Transitional//EN"
    "http://www.w3.org/TR/xhtml1/DTD/xhtml1-transitional.dtd">
<html xmlns="http://www.w3.org/1999/xhtml" xml:lang="en" lang="en">
 <head>
  <title>
</title>
<meta http-equiv="Content-Type" content="text/html;charset=utf-8" />
  <meta name='ocr-system' content='tesseract 3.04.00' />
  <meta name='ocr-capabilities' content='ocr_page ocr_carea ocr_par ocr_line ocrx_word'/>
</head>
<body>
  <div class='ocr_page' id='page_1' title='image "./monumentahistor04laszgoog/monumentahistor04laszgoog_0342.png"; bbox 0 0 3404 5362; ppageno 0'>
   <div class='ocr_carea' id='block_1_1' title="bbox 150 367 1424 876">
    <p class='ocr_par' dir='ltr' id='par_1_1' title="bbox 545 367 1422 452">
     <span class='ocr_line' id='line_1_1' title="bbox 545 367 1422 452; baseline 0.002 -23"><span class='ocrx_word' id='word_1_1' title='bbox 545 373 630 429; x_wconf 77' lang='lat' dir='ltr'>Anno</span> <span class='ocrx_word' id='word_1_2' title='bbox 655 367 749 448; x_wconf 76' lang='lat'><em>1389.</em></span> <span class='ocrx_word' id='word_1_3' title='bbox 773 406 816 415; x_wconf 97' lang='lat'><em>-</em></span> <span class='ocrx_word' id='word_1_4' title='bbox 839 370 890 431; x_wconf 83' lang='lat'>26.</span> <span class='ocrx_word' id='word_1_5' title='bbox 916 371 1027 431; x_wconf 81' lang='lat' dir='ltr'>nrartr&#39;i.</span> <span class='ocrx_word' id='word_1_6' title='bbox 1362 390 1422 452; x_wconf 87' lang='lat'>293</span> 
     </span>
    </p>

    <p class='ocr_par' dir='ltr' id='par_1_2' title="bbox 150 581 1424 876">
     <span class='ocr_line' id='line_1_2' title="bbox 264 581 1422 664; baseline 0.002 -22"><span class='ocrx_word' id='word_1_7' title='bbox 264 582 342 643; x_wconf 86' lang='lat' dir='ltr'><strong>Item</strong></span> <span class='ocrx_word' id='word_1_8' title='bbox 368 581 457 664; x_wconf 90' lang='lat' dir='ltr'>quod</span> <span class='ocrx_word' id='word_1_9' title='bbox 491 582 567 664; x_wconf 90' lang='lat' dir='ltr'>quia</span> <span class='ocrx_word' id='word_1_10' title='bbox 592 581 752 663; x_wconf 77' lang='lat' dir='ltr'>Georgius</span> <span class='ocrx_word' id='word_1_11' title='bbox 784 582 880 644; x_wconf 85' lang='lat' dir='ltr'>Loter</span> <span class='ocrx_word' id='word_1_12' title='bbox 907 582 995 664; x_wconf 94' lang='lat' dir='ltr'>prius</span> <span class='ocrx_word' id='word_1_13' title='bbox 1026 585 1233 664; x_wconf 88' lang='lat' dir='ltr'>comparabat</span> <span class='ocrx_word' id='word_1_14' title='bbox 1257 583 1422 664; x_wconf 82' lang='lat' dir='ltr'>quoddam</span> 
     </span>
     <span class='ocr_line' id='line_1_3' title="bbox 156 688 1424 769; baseline 0.002 -21"><span class='ocrx_word' id='word_1_15' title='bbox 156 688 367 766; x_wconf 74' lang='lat' dir='ltr'>frumentum,</span> <span class='ocrx_word' id='word_1_16' title='bbox 395 688 546 750; x_wconf 89' lang='lat' dir='ltr'>videlicet</span> <span class='ocrx_word' id='word_1_17' title='bbox 577 688 663 750; x_wconf 88' lang='lat' dir='ltr'>XVll</span> <span class='ocrx_word' id='word_1_18' title='bbox 696 688 842 766; x_wconf 84' lang='lat' dir='ltr'>cubulos,</span> <span class='ocrx_word' id='word_1_19' title='bbox 874 708 972 769; x_wconf 90' lang='lat' dir='ltr'>quam</span> <span class='ocrx_word' id='word_1_20' title='bbox 998 689 1107 751; x_wconf 86' lang='lat' dir='ltr'>Marco</span> <span class='ocrx_word' id='word_1_21' title='bbox 1139 688 1325 765; x_wconf 89' lang='lat' dir='ltr'>Blanchich‚</span> <span class='ocrx_word' id='word_1_22' title='bbox 1351 688 1424 751; x_wconf 93' lang='lat' dir='ltr'>ideo</span> 
     </span>
     <span class='ocr_line' id='line_1_4' title="bbox 150 791 1424 876; baseline 0.001 -23"><span class='ocrx_word' id='word_1_23' title='bbox 150 793 262 855; x_wconf 83' lang='lat' dir='ltr'>eidem</span> <span class='ocrx_word' id='word_1_24' title='bbox 289 792 433 874; x_wconf 90' lang='lat' dir='ltr'>Georgio</span> <span class='ocrx_word' id='word_1_25' title='bbox 466 793 555 855; x_wconf 89' lang='lat' dir='ltr'>aliud</span> <span class='ocrx_word' id='word_1_26' title='bbox 587 791 783 855; x_wconf 83' lang='lat' dir='ltr'>frumentum</span> <span class='ocrx_word' id='word_1_27' title='bbox 817 792 1073 874; x_wconf 81' lang='lat' dir='ltr'><strong>adjudicavimus</strong></span> <span class='ocrx_word' id='word_1_28' title='bbox 1103 809 1198 876; x_wconf 92' lang='lat' dir='ltr'>prout</span> <span class='ocrx_word' id='word_1_29' title='bbox 1235 795 1336 856; x_wconf 91' lang='lat' dir='ltr'>eciam</span> <span class='ocrx_word' id='word_1_30' title='bbox 1369 814 1424 875; x_wconf 90' lang='lat' dir='ltr'>per</span> 
     </span>
    </p>
   </div>
   <div class='ocr_carea' id='block_1_2' title="bbox 36 886 1422 981">
    <p class='ocr_par' dir='ltr' id='par_1_3' title="bbox 36 886 1422 981">
     <span class='ocr_line' id='line_1_5' title="bbox 36 886 1422 981; baseline 0.001 -23"><span class='ocrx_word' id='word_1_31' title='bbox 36 886 41 895; x_wconf 73' lang='grc'><strong>’</strong></span> <span class='ocrx_word' id='word_1_32' title='bbox 146 900 300 962; x_wconf 64' lang='lat' dir='ltr'>*villicum</span> <span class='ocrx_word' id='word_1_33' title='bbox 325 899 385 961; x_wconf 88' lang='lat' dir='ltr'>luit</span> <span class='ocrx_word' id='word_1_34' title='bbox 401 898 623 976; x_wconf 65' lang='lat' dir='ltr'>testificatum</span> <span class='ocrx_word' id='word_1_35' title='bbox 649 899 716 981; x_wconf 92' lang='lat' dir='ltr'>ipse</span> <span class='ocrx_word' id='word_1_36' title='bbox 744 912 851 961; x_wconf 87' lang='lat' dir='ltr'>autem</span> <span class='ocrx_word' id='word_1_37' title='bbox 881 900 990 961; x_wconf 89' lang='lat' dir='ltr'>Marco</span> <span class='ocrx_word' id='word_1_38' title='bbox 1015 901 1116 981; x_wconf 80' lang='lat' dir='ltr'>ipsam</span> <span class='ocrx_word' id='word_1_39' title='bbox 1145 919 1273 962; x_wconf 89' lang='lat' dir='ltr'>causam</span> <span class='ocrx_word' id='word_1_40' title='bbox 1302 899 1341 960; x_wconf 89' lang='lat' dir='ltr'>ad</span> <span class='ocrx_word' id='word_1_41' title='bbox 1367 920 1422 960; x_wconf 92' lang='lat' dir='ltr'>an·</span> 
     </span>
    </p>
   </div>
   <div class='ocr_carea' id='block_1_3' title="bbox 146 1005 1423 2580">
    <p class='ocr_par' dir='ltr' id='par_1_4' title="bbox 146 1005 618 1088">
     <span class='ocr_line' id='line_1_6' title="bbox 146 1005 618 1088; baseline 0.002 -21"><span class='ocrx_word' id='word_1_42' title='bbox 146 1007 263 1088; x_wconf 79' lang='lat' dir='ltr'>tiquos</span> <span class='ocrx_word' id='word_1_43' title='bbox 285 1006 409 1087; x_wconf 90' lang='lat' dir='ltr'>judices</span> <span class='ocrx_word' id='word_1_44' title='bbox 432 1005 618 1088; x_wconf 86' lang='lat' dir='ltr'>appellavit.</span> 
     </span>
    </p>

    <p class='ocr_par' dir='ltr' id='par_1_5' title="bbox 263 1110 1423 1193">
     <span class='ocr_line' id='line_1_7' title="bbox 263 1110 1423 1193; baseline 0 -20"><span class='ocrx_word' id='word_1_45' title='bbox 263 1113 341 1175; x_wconf 90' lang='lat' dir='ltr'>ltem</span> <span class='ocrx_word' id='word_1_46' title='bbox 368 1114 472 1175; x_wconf 87' lang='lat' dir='ltr'>Borka</span> <span class='ocrx_word' id='word_1_47' title='bbox 494 1125 605 1174; x_wconf 87' lang='lat' dir='ltr'>contra</span> <span class='ocrx_word' id='word_1_48' title='bbox 636 1110 834 1173; x_wconf 81' lang='lat' dir='ltr'>Demetrium</span> <span class='ocrx_word' id='word_1_49' title='bbox 867 1112 973 1193; x_wconf 90' lang='lat' dir='ltr'>primo</span> <span class='ocrx_word' id='word_1_50' title='bbox 1004 1112 1099 1174; x_wconf 89' lang='lat' dir='ltr'>citata</span> <span class='ocrx_word' id='word_1_51' title='bbox 1136 1131 1200 1172; x_wconf 96' lang='lat' dir='ltr'>non</span> <span class='ocrx_word' id='word_1_52' title='bbox 1233 1111 1423 1192; x_wconf 88' lang='lat' dir='ltr'>comparuit.</span> 
     </span>
    </p>

    <p class='ocr_par' dir='ltr' id='par_1_6' title="bbox 152 1217 1422 1514">
     <span class='ocr_line' id='line_1_8' title="bbox 262 1217 1422 1299; baseline 0 -20"><span class='ocrx_word' id='word_1_53' title='bbox 262 1219 340 1281; x_wconf 91' lang='lat' dir='ltr'>ltem</span> <span class='ocrx_word' id='word_1_54' title='bbox 375 1219 537 1281; x_wconf 87' lang='lat' dir='ltr'>lohannes</span> <span class='ocrx_word' id='word_1_55' title='bbox 561 1217 646 1280; x_wconf 89' lang='lat' dir='ltr'>filius</span> <span class='ocrx_word' id='word_1_56' title='bbox 671 1217 788 1279; x_wconf 89' lang='lat' dir='ltr'>Donati</span> <span class='ocrx_word' id='word_1_57' title='bbox 806 1231 921 1279; x_wconf 84' lang='lat' dir='ltr'>octavo</span> <span class='ocrx_word' id='word_1_58' title='bbox 938 1218 990 1281; x_wconf 94' lang='lat' dir='ltr'>die</span> <span class='ocrx_word' id='word_1_59' title='bbox 1014 1236 1124 1280; x_wconf 87' lang='lat' dir='ltr'>contra</span> <span class='ocrx_word' id='word_1_60' title='bbox 1149 1217 1334 1299; x_wconf 88' lang='lat' dir='ltr'>Philippum</span> <span class='ocrx_word' id='word_1_61' title='bbox 1353 1218 1422 1279; x_wconf 91' lang='lat' dir='ltr'>lite·</span> 
     </span>
     <span class='ocr_line' id='line_1_9' title="bbox 157 1324 1421 1404; baseline 0.001 -19"><span class='ocrx_word' id='word_1_62' title='bbox 157 1325 233 1386; x_wconf 89' lang='lat' dir='ltr'>ralia</span> <span class='ocrx_word' id='word_1_63' title='bbox 259 1326 471 1388; x_wconf 91' lang='lat' dir='ltr'>instrumenta</span> <span class='ocrx_word' id='word_1_64' title='bbox 501 1325 650 1387; x_wconf 83' lang='lat' dir='ltr'>exhibere</span> <span class='ocrx_word' id='word_1_65' title='bbox 683 1324 788 1404; x_wconf 81' lang='lat' dir='ltr'>debet,</span> <span class='ocrx_word' id='word_1_66' title='bbox 819 1325 844 1386; x_wconf 98' lang='lat' dir='ltr'>si</span> <span class='ocrx_word' id='word_1_67' title='bbox 878 1344 942 1386; x_wconf 91' lang='lat' dir='ltr'>non</span> <span class='ocrx_word' id='word_1_68' title='bbox 968 1325 1134 1403; x_wconf 84' lang='lat' dir='ltr'>exhibeat,</span> <span class='ocrx_word' id='word_1_69' title='bbox 1167 1333 1282 1387; x_wconf 60' lang='lat' dir='ltr'>extunc</span> <span class='ocrx_word' id='word_1_70' title='bbox 1316 1324 1421 1386; x_wconf 93' lang='lat' dir='ltr'>eidem</span> 
     </span>
     <span class='ocr_line' id='line_1_10' title="bbox 152 1430 676 1514; baseline 0.006 -24"><span class='ocrx_word' id='word_1_71' title='bbox 152 1430 306 1514; x_wconf 88' lang='lat' dir='ltr'>Philippo</span> <span class='ocrx_word' id='word_1_72' title='bbox 330 1430 486 1514; x_wconf 80' lang='lat' dir='ltr'>justiciam</span> <span class='ocrx_word' id='word_1_73' title='bbox 513 1430 676 1493; x_wconf 82' lang='lat' dir='ltr'>faciemus.</span> 
     </span>
    </p>

    <p class='ocr_par' dir='ltr' id='par_1_7' title="bbox 150 1535 1420 1728">
     <span class='ocr_line' id='line_1_11' title="bbox 260 1535 1420 1600; baseline -0.001 -2"><span class='ocrx_word' id='word_1_74' title='bbox 260 1538 340 1600; x_wconf 88' lang='lat' dir='ltr'>Item</span> <span class='ocrx_word' id='word_1_75' title='bbox 366 1559 460 1600; x_wconf 88' lang='lat' dir='ltr'>causa</span> <span class='ocrx_word' id='word_1_76' title='bbox 486 1536 612 1600; x_wconf 86' lang='lat' dir='ltr'>Lucasii</span> <span class='ocrx_word' id='word_1_77' title='bbox 644 1535 759 1597; x_wconf 92' lang='lat' dir='ltr'>medici</span> <span class='ocrx_word' id='word_1_78' title='bbox 794 1551 902 1599; x_wconf 90' lang='lat' dir='ltr'>contra</span> <span class='ocrx_word' id='word_1_79' title='bbox 928 1538 1061 1599; x_wconf 87' lang='lat' dir='ltr'>Luciam</span> <span class='ocrx_word' id='word_1_80' title='bbox 1085 1538 1125 1599; x_wconf 87' lang='lat' dir='ltr'>ad</span> <span class='ocrx_word' id='word_1_81' title='bbox 1158 1552 1308 1599; x_wconf 88' lang='lat' dir='ltr'>octavum</span> <span class='ocrx_word' id='word_1_82' title='bbox 1334 1536 1420 1598; x_wconf 87' lang='lat' dir='ltr'>diem</span> 
     </span>
     <span class='ocr_line' id='line_1_12' title="bbox 150 1645 563 1728; baseline 0.007 -23"><span class='ocrx_word' id='word_1_83' title='bbox 150 1645 195 1705; x_wconf 82' lang='lat' dir='ltr'>ad</span> <span class='ocrx_word' id='word_1_84' title='bbox 218 1664 332 1728; x_wconf 86' lang='lat' dir='ltr'>pacem</span> <span class='ocrx_word' id='word_1_85' title='bbox 357 1660 404 1707; x_wconf 88' lang='lat' dir='ltr'>est</span> <span class='ocrx_word' id='word_1_86' title='bbox 428 1660 563 1727; x_wconf 88' lang='lat' dir='ltr'>recepta.</span> 
     </span>
    </p>

    <p class='ocr_par' dir='ltr' id='par_1_8' title="bbox 147 1748 1422 1939">
     <span class='ocr_line' id='line_1_13' title="bbox 261 1748 1422 1832; baseline -0.002 -19"><span class='ocrx_word' id='word_1_87' title='bbox 261 1752 339 1813; x_wconf 87' lang='lat' dir='ltr'>ltem</span> <span class='ocrx_word' id='word_1_88' title='bbox 363 1771 457 1814; x_wconf 88' lang='lat' dir='ltr'>causa</span> <span class='ocrx_word' id='word_1_89' title='bbox 490 1751 580 1813; x_wconf 88' lang='lat' dir='ltr'>Pauli</span> <span class='ocrx_word' id='word_1_90' title='bbox 613 1749 765 1813; x_wconf 82' lang='lat' dir='ltr'>aurifabri</span> <span class='ocrx_word' id='word_1_91' title='bbox 798 1765 906 1813; x_wconf 90' lang='lat' dir='ltr'>contra</span> <span class='ocrx_word' id='word_1_92' title='bbox 932 1750 1096 1812; x_wconf 90' lang='lat' dir='ltr'>Thomam</span> <span class='ocrx_word' id='word_1_93' title='bbox 1129 1771 1230 1832; x_wconf 88' lang='lat' dir='ltr'>usque</span> <span class='ocrx_word' id='word_1_94' title='bbox 1256 1763 1328 1810; x_wconf 91' lang='lat' dir='ltr'>octo</span> <span class='ocrx_word' id='word_1_95' title='bbox 1354 1748 1422 1811; x_wconf 88' lang='lat' dir='ltr'>dies</span> 
     </span>
     <span class='ocr_line' id='line_1_14' title="bbox 147 1870 405 1939; baseline 0.016 -22"><span class='ocrx_word' id='word_1_96' title='bbox 147 1870 201 1919; x_wconf 73' lang='lat' dir='ltr'>est</span> <span class='ocrx_word' id='word_1_97' title='bbox 222 1871 405 1939; x_wconf 86' lang='lat' dir='ltr'>prorogata.</span> 
     </span>
    </p>

    <p class='ocr_par' dir='ltr' id='par_1_9' title="bbox 149 1962 1418 2153">
     <span class='ocr_line' id='line_1_15' title="bbox 259 1962 1418 2046; baseline -0.003 -21"><span class='ocrx_word' id='word_1_98' title='bbox 259 1964 338 2026; x_wconf 91' lang='lat' dir='ltr'>ltem</span> <span class='ocrx_word' id='word_1_99' title='bbox 362 1965 474 2027; x_wconf 86' lang='lat' dir='ltr'>Petrus</span> <span class='ocrx_word' id='word_1_100' title='bbox 505 1980 535 2026; x_wconf 92' lang='lat' dir='ltr'>et</span> <span class='ocrx_word' id='word_1_101' title='bbox 560 1965 752 2027; x_wconf 75' lang='lat' dir='ltr'>Benedictus</span> <span class='ocrx_word' id='word_1_102' title='bbox 785 1964 939 2027; x_wconf 89' lang='lat' dir='ltr'>Scornich</span> <span class='ocrx_word' id='word_1_103' title='bbox 971 1978 1080 2026; x_wconf 90' lang='lat' dir='ltr'>contra</span> <span class='ocrx_word' id='word_1_104' title='bbox 1114 1962 1288 2046; x_wconf 83' lang='lat' dir='ltr'>Matheyko</span> <span class='ocrx_word' id='word_1_105' title='bbox 1313 1963 1418 2044; x_wconf 91' lang='lat' dir='ltr'>primo</span> 
     </span>
     <span class='ocr_line' id='line_1_16' title="bbox 149 2069 616 2153; baseline 0.006 -24"><span class='ocrx_word' id='word_1_106' title='bbox 149 2069 238 2132; x_wconf 78' lang='lat' dir='ltr'>citati</span> <span class='ocrx_word' id='word_1_107' title='bbox 264 2091 330 2133; x_wconf 93' lang='lat' dir='ltr'>non</span> <span class='ocrx_word' id='word_1_108' title='bbox 356 2084 616 2153; x_wconf 90' lang='lat' dir='ltr'>comparuerunt.</span> 
     </span>
    </p>

    <p class='ocr_par' dir='ltr' id='par_1_10' title="bbox 146 2176 1419 2366">
     <span class='ocr_line' id='line_1_17' title="bbox 259 2176 1419 2258; baseline -0.002 -20"><span class='ocrx_word' id='word_1_109' title='bbox 259 2177 338 2239; x_wconf 89' lang='lat' dir='ltr'>ltem</span> <span class='ocrx_word' id='word_1_110' title='bbox 363 2177 471 2240; x_wconf 88' lang='lat' dir='ltr'>Endre</span> <span class='ocrx_word' id='word_1_111' title='bbox 496 2178 552 2240; x_wconf 91' lang='lat' dir='ltr'>Sib</span> <span class='ocrx_word' id='word_1_112' title='bbox 577 2192 687 2240; x_wconf 90' lang='lat' dir='ltr'>contra</span> <span class='ocrx_word' id='word_1_113' title='bbox 713 2178 881 2239; x_wconf 87' lang='lat' dir='ltr'>Simonem</span> <span class='ocrx_word' id='word_1_114' title='bbox 905 2192 1059 2238; x_wconf 86' lang='lat' dir='ltr'>sartorem</span> <span class='ocrx_word' id='word_1_115' title='bbox 1084 2178 1188 2258; x_wconf 93' lang='lat' dir='ltr'>primo</span> <span class='ocrx_word' id='word_1_116' title='bbox 1213 2176 1326 2237; x_wconf 89' lang='lat' dir='ltr'>citatus</span> <span class='ocrx_word' id='word_1_117' title='bbox 1355 2196 1419 2237; x_wconf 93' lang='lat' dir='ltr'>non</span> 
     </span>
     <span class='ocr_line' id='line_1_18' title="bbox 146 2283 343 2366; baseline 0.015 -23"><span class='ocrx_word' id='word_1_118' title='bbox 146 2283 343 2366; x_wconf 73' lang='lat' dir='ltr'>«comparuit.</span> 
     </span>
    </p>

    <p class='ocr_par' dir='ltr' id='par_1_11' title="bbox 159 2388 1415 2580">
     <span class='ocr_line' id='line_1_19' title="bbox 257 2388 1415 2474; baseline -0.003 -23"><span class='ocrx_word' id='word_1_119' title='bbox 257 2391 336 2452; x_wconf 90' lang='lat' dir='ltr'>ltem</span> <span class='ocrx_word' id='word_1_120' title='bbox 363 2390 532 2474; x_wconf 89' lang='lat' dir='ltr'>Gyaninus</span> <span class='ocrx_word' id='word_1_121' title='bbox 556 2407 665 2454; x_wconf 88' lang='lat' dir='ltr'>contra</span> <span class='ocrx_word' id='word_1_122' title='bbox 690 2393 856 2454; x_wconf 90' lang='lat' dir='ltr'>Vrbanum</span> <span class='ocrx_word' id='word_1_123' title='bbox 880 2390 1060 2452; x_wconf 87' lang='lat' dir='ltr'>carnificem</span> <span class='ocrx_word' id='word_1_124' title='bbox 1090 2390 1195 2471; x_wconf 87' lang='lat' dir='ltr'>ptimo</span> <span class='ocrx_word' id='word_1_125' title='bbox 1219 2388 1332 2450; x_wconf 89' lang='lat' dir='ltr'>citatus</span> <span class='ocrx_word' id='word_1_126' title='bbox 1351 2407 1415 2448; x_wconf 92' lang='lat' dir='ltr'>non</span> 
     </span>
     <span class='ocr_line' id='line_1_20' title="bbox 159 2497 343 2580; baseline 0.016 -24"><span class='ocrx_word' id='word_1_127' title='bbox 159 2497 343 2580; x_wconf 87' lang='lat' dir='ltr'>comparuit.</span> 
     </span>
    </p>
   </div>
   <div class='ocr_carea' id='block_1_4' title="bbox 337 2716 1233 2808">
    <p class='ocr_par' dir='ltr' id='par_1_12' title="bbox 337 2716 1233 2808">
     <span class='ocr_line' id='line_1_21' title="bbox 337 2716 1233 2808; baseline -0.006 -19"><span class='ocrx_word' id='word_1_128' title='bbox 337 2716 433 2791; x_wconf 86' lang='lat' dir='ltr'>Feria</span> <span class='ocrx_word' id='word_1_129' title='bbox 462 2728 559 2791; x_wconf 83' lang='lat' dir='ltr'>sexta</span> <span class='ocrx_word' id='word_1_130' title='bbox 588 2721 744 2808; x_wconf 82' lang='lat' dir='ltr'>proxima</span> <span class='ocrx_word' id='word_1_131' title='bbox 771 2726 849 2789; x_wconf 89' lang='lat' dir='ltr'>ante</span> <span class='ocrx_word' id='word_1_132' title='bbox 878 2718 1077 2788; x_wconf 85' lang='lat' dir='ltr'>dominicam</span> <span class='ocrx_word' id='word_1_133' title='bbox 1106 2717 1233 2790; x_wconf 87' lang='lat' dir='ltr'>letare.</span> 
     </span>
    </p>
   </div>
   <div class='ocr_carea' id='block_1_5' title="bbox 677 2870 889 2948">
    <p class='ocr_par' dir='ltr' id='par_1_13' title="bbox 677 2870 889 2948">
     <span class='ocr_line' id='line_1_22' title="bbox 677 2870 889 2948; baseline 0.005 -20"><span class='ocrx_word' id='word_1_134' title='bbox 677 2870 743 2948; x_wconf 78' lang='lat'>(26.</span> <span class='ocrx_word' id='word_1_135' title='bbox 766 2872 889 2945; x_wconf 78' lang='lat' dir='ltr'>martit).</span> 
     </span>
    </p>
   </div>
   <div class='ocr_carea' id='block_1_6' title="bbox 147 3009 1416 4901">
    <p class='ocr_par' dir='ltr' id='par_1_14' title="bbox 255 3009 1415 3092">
     <span class='ocr_line' id='line_1_23' title="bbox 255 3009 1415 3092; baseline -0.004 -19"><span class='ocrx_word' id='word_1_136' title='bbox 255 3013 334 3074; x_wconf 91' lang='lat' dir='ltr'>ltem</span> <span class='ocrx_word' id='word_1_137' title='bbox 359 3011 497 3073; x_wconf 88' lang='lat' dir='ltr'>vicarius</span> <span class='ocrx_word' id='word_1_138' title='bbox 521 3027 631 3074; x_wconf 86' lang='lat' dir='ltr'>contra</span> <span class='ocrx_word' id='word_1_139' title='bbox 656 3010 857 3073; x_wconf 88' lang='lat' dir='ltr'>Anthonium</span> <span class='ocrx_word' id='word_1_140' title='bbox 883 3011 988 3092; x_wconf 88' lang='lat' dir='ltr'>primo</span> <span class='ocrx_word' id='word_1_141' title='bbox 1005 3010 1119 3071; x_wconf 88' lang='lat' dir='ltr'>citatus</span> <span class='ocrx_word' id='word_1_142' title='bbox 1136 3029 1200 3070; x_wconf 93' lang='lat' dir='ltr'>non</span> <span class='ocrx_word' id='word_1_143' title='bbox 1226 3009 1415 3089; x_wconf 86' lang='lat' dir='ltr'>comparuit.</span> 
     </span>
    </p>

    <p class='ocr_par' dir='ltr' id='par_1_15' title="bbox 148 3114 1416 3517">
     <span class='ocr_line' id='line_1_24' title="bbox 255 3114 1415 3200; baseline -0.005 -20"><span class='ocrx_word' id='word_1_144' title='bbox 255 3119 334 3180; x_wconf 90' lang='lat' dir='ltr'>ltem</span> <span class='ocrx_word' id='word_1_145' title='bbox 360 3118 568 3199; x_wconf 86' lang='lat' dir='ltr'>Dragozlaus‚</span> <span class='ocrx_word' id='word_1_146' title='bbox 594 3118 747 3200; x_wconf 77' lang='lat' dir='ltr'>Gyurgek</span> <span class='ocrx_word' id='word_1_147' title='bbox 773 3115 956 3193; x_wconf 87' lang='lat' dir='ltr'>Blanchich‚</span> <span class='ocrx_word' id='word_1_148' title='bbox 975 3115 1158 3197; x_wconf 83' lang='lat' dir='ltr'>Matheyko‚</span> <span class='ocrx_word' id='word_1_149' title='bbox 1184 3114 1288 3194; x_wconf 90' lang='lat' dir='ltr'>Cigan</span> <span class='ocrx_word' id='word_1_150' title='bbox 1314 3114 1415 3174; x_wconf 91' lang='lat' dir='ltr'>carni-</span> 
     </span>
     <span class='ocr_line' id='line_1_25' title="bbox 151 3218 1416 3305; baseline -0.005 -19"><span class='ocrx_word' id='word_1_151' title='bbox 151 3224 233 3304; x_wconf 84' lang='lat' dir='ltr'>fices,</span> <span class='ocrx_word' id='word_1_152' title='bbox 258 3225 437 3303; x_wconf 88' lang='lat' dir='ltr'>Petronila,</span> <span class='ocrx_word' id='word_1_153' title='bbox 463 3225 663 3305; x_wconf 90' lang='lat' dir='ltr'>Margaretha</span> <span class='ocrx_word' id='word_1_154' title='bbox 696 3243 804 3285; x_wconf 87' lang='lat' dir='ltr'>socrus</span> <span class='ocrx_word' id='word_1_155' title='bbox 828 3222 943 3303; x_wconf 87' lang='lat' dir='ltr'>Cigani</span> <span class='ocrx_word' id='word_1_156' title='bbox 975 3237 1089 3283; x_wconf 90' lang='lat' dir='ltr'>octavo</span> <span class='ocrx_word' id='word_1_157' title='bbox 1122 3220 1173 3282; x_wconf 93' lang='lat' dir='ltr'>die</span> <span class='ocrx_word' id='word_1_158' title='bbox 1198 3218 1416 3281; x_wconf 85' lang='lat' dir='ltr'>testificabunt</span> 
     </span>
     <span class='ocr_line' id='line_1_26' title="bbox 149 3326 1414 3415; baseline -0.005 -22"><span class='ocrx_word' id='word_1_159' title='bbox 149 3351 243 3415; x_wconf 89' lang='lat' dir='ltr'>super</span> <span class='ocrx_word' id='word_1_160' title='bbox 267 3330 409 3411; x_wconf 89' lang='lat' dir='ltr'>quadam</span> <span class='ocrx_word' id='word_1_161' title='bbox 431 3344 534 3410; x_wconf 87' lang='lat' dir='ltr'>terra,</span> <span class='ocrx_word' id='word_1_162' title='bbox 565 3350 663 3412; x_wconf 91' lang='lat' dir='ltr'>quam</span> <span class='ocrx_word' id='word_1_163' title='bbox 691 3329 773 3391; x_wconf 92' lang='lat' dir='ltr'>Vida</span> <span class='ocrx_word' id='word_1_164' title='bbox 805 3328 920 3389; x_wconf 88' lang='lat' dir='ltr'>mulier</span> <span class='ocrx_word' id='word_1_165' title='bbox 944 3327 1045 3388; x_wconf 89' lang='lat' dir='ltr'>Paulo</span> <span class='ocrx_word' id='word_1_166' title='bbox 1071 3327 1179 3388; x_wconf 89' lang='lat' dir='ltr'>Leuak</span> <span class='ocrx_word' id='word_1_167' title='bbox 1204 3342 1239 3388; x_wconf 92' lang='lat' dir='ltr'>ut</span> <span class='ocrx_word' id='word_1_168' title='bbox 1263 3326 1414 3387; x_wconf 89' lang='lat' dir='ltr'>dicebant</span> 
     </span>
     <span class='ocr_line' id='line_1_27' title="bbox 148 3436 581 3517; baseline -0.002 -16"><span class='ocrx_word' id='word_1_169' title='bbox 148 3437 412 3501; x_wconf 87' lang='lat' dir='ltr'>testamentaliter</span> <span class='ocrx_word' id='word_1_170' title='bbox 435 3436 581 3517; x_wconf 84' lang='lat' dir='ltr'>legasset.</span> 
     </span>
    </p>

    <p class='ocr_par' dir='ltr' id='par_1_16' title="bbox 148 3539 1411 3732">
     <span class='ocr_line' id='line_1_28' title="bbox 254 3539 1411 3621; baseline -0.006 -16"><span class='ocrx_word' id='word_1_171' title='bbox 254 3544 332 3605; x_wconf 88' lang='lat' dir='ltr'>ltem</span> <span class='ocrx_word' id='word_1_172' title='bbox 357 3542 511 3605; x_wconf 90' lang='lat' dir='ltr'>Clemens</span> <span class='ocrx_word' id='word_1_173' title='bbox 535 3544 619 3604; x_wconf 89' lang='lat' dir='ltr'>ribar</span> <span class='ocrx_word' id='word_1_174' title='bbox 636 3554 745 3603; x_wconf 86' lang='lat' dir='ltr'>contra</span> <span class='ocrx_word' id='word_1_175' title='bbox 763 3541 964 3603; x_wconf 81' lang='lat' dir='ltr'>Anthonium</span> <span class='ocrx_word' id='word_1_176' title='bbox 989 3541 1150 3602; x_wconf 90' lang='lat' dir='ltr'>literatum</span> <span class='ocrx_word' id='word_1_177' title='bbox 1176 3540 1280 3621; x_wconf 90' lang='lat' dir='ltr'>primo</span> <span class='ocrx_word' id='word_1_178' title='bbox 1299 3539 1411 3600; x_wconf 89' lang='lat' dir='ltr'>citatus</span> 
     </span>
     <span class='ocr_line' id='line_1_29' title="bbox 148 3649 428 3732; baseline 0 -20"><span class='ocrx_word' id='word_1_179' title='bbox 148 3671 211 3713; x_wconf 90' lang='lat' dir='ltr'>non</span> <span class='ocrx_word' id='word_1_180' title='bbox 238 3649 428 3732; x_wconf 88' lang='lat' dir='ltr'>comparuit.</span> 
     </span>
    </p>

    <p class='ocr_par' dir='ltr' id='par_1_17' title="bbox 147 3751 1411 3943">
     <span class='ocr_line' id='line_1_30' title="bbox 255 3751 1411 3835; baseline -0.005 -17"><span class='ocrx_word' id='word_1_181' title='bbox 255 3758 330 3818; x_wconf 90' lang='lat' dir='ltr'>ltem</span> <span class='ocrx_word' id='word_1_182' title='bbox 357 3776 452 3818; x_wconf 89' lang='lat' dir='ltr'>causa</span> <span class='ocrx_word' id='word_1_183' title='bbox 478 3754 610 3835; x_wconf 85' lang='lat' dir='ltr'>Georgii</span> <span class='ocrx_word' id='word_1_184' title='bbox 645 3754 702 3816; x_wconf 86' lang='lat' dir='ltr'>filii</span> <span class='ocrx_word' id='word_1_185' title='bbox 735 3754 830 3815; x_wconf 90' lang='lat' dir='ltr'>Blasii</span> <span class='ocrx_word' id='word_1_186' title='bbox 863 3767 973 3815; x_wconf 91' lang='lat' dir='ltr'>contra</span> <span class='ocrx_word' id='word_1_187' title='bbox 1004 3753 1184 3814; x_wconf 90' lang='lat' dir='ltr'>Johannem</span> <span class='ocrx_word' id='word_1_188' title='bbox 1208 3752 1346 3832; x_wconf 89' lang='lat' dir='ltr'>judicem</span> <span class='ocrx_word' id='word_1_189' title='bbox 1372 3751 1411 3812; x_wconf 95' lang='lat' dir='ltr'>ad</span> 
     </span>
     <span class='ocr_line' id='line_1_31' title="bbox 147 3863 687 3943; baseline -0.007 -17"><span class='ocrx_word' id='word_1_190' title='bbox 147 3878 295 3926; x_wconf 85' lang='lat' dir='ltr'>octavum</span> <span class='ocrx_word' id='word_1_191' title='bbox 320 3863 406 3924; x_wconf 89' lang='lat' dir='ltr'>diem</span> <span class='ocrx_word' id='word_1_192' title='bbox 437 3875 484 3924; x_wconf 89' lang='lat' dir='ltr'>est</span> <span class='ocrx_word' id='word_1_193' title='bbox 507 3874 687 3943; x_wconf 89' lang='lat' dir='ltr'>prorogata.</span> 
     </span>
    </p>

    <p class='ocr_par' dir='ltr' id='par_1_18' title="bbox 149 3965 1409 4264">
     <span class='ocr_line' id='line_1_32' title="bbox 252 3965 1409 4050; baseline -0.005 -20"><span class='ocrx_word' id='word_1_194' title='bbox 252 3970 330 4031; x_wconf 90' lang='lat' dir='ltr'>ltem</span> <span class='ocrx_word' id='word_1_195' title='bbox 363 3968 544 4050; x_wconf 88' lang='lat' dir='ltr'>Stephanus</span> <span class='ocrx_word' id='word_1_196' title='bbox 576 3965 733 4048; x_wconf 91' lang='lat' dir='ltr'>Chaplich</span> <span class='ocrx_word' id='word_1_197' title='bbox 765 3979 874 4027; x_wconf 91' lang='lat' dir='ltr'>contra</span> <span class='ocrx_word' id='word_1_198' title='bbox 907 3966 1075 4027; x_wconf 92' lang='lat' dir='ltr'>Marenum</span> <span class='ocrx_word' id='word_1_199' title='bbox 1107 3979 1263 4027; x_wconf 83' lang='lat' dir='ltr'>textorem</span> <span class='ocrx_word' id='word_1_200' title='bbox 1295 3977 1409 4025; x_wconf 92' lang='lat' dir='ltr'>octavo</span> 
     </span>
     <span class='ocr_line' id='line_1_33' title="bbox 149 4069 1408 4157; baseline -0.006 -21"><span class='ocrx_word' id='word_1_201' title='bbox 149 4075 197 4138; x_wconf 92' lang='lat' dir='ltr'>die</span> <span class='ocrx_word' id='word_1_202' title='bbox 220 4095 316 4157; x_wconf 88' lang='lat' dir='ltr'>super</span> <span class='ocrx_word' id='word_1_203' title='bbox 340 4073 480 4156; x_wconf 93' lang='lat' dir='ltr'>quadam</span> <span class='ocrx_word' id='word_1_204' title='bbox 509 4073 663 4146; x_wconf 86' lang='lat' dir='ltr'>particula</span> <span class='ocrx_word' id='word_1_205' title='bbox 696 4072 822 4149; x_wconf 90' lang='lat' dir='ltr'>domus,</span> <span class='ocrx_word' id='word_1_206' title='bbox 855 4072 1005 4133; x_wconf 90' lang='lat' dir='ltr'>videlicet</span> <span class='ocrx_word' id='word_1_207' title='bbox 1038 4072 1235 4148; x_wconf 80' lang='lat' dir='ltr'>Kuslconem,</span> <span class='ocrx_word' id='word_1_208' title='bbox 1261 4069 1408 4146; x_wconf 87' lang='lat' dir='ltr'>Paulum,</span> 
     </span>
     <span class='ocr_line' id='line_1_34' title="bbox 151 4179 697 4264; baseline -0.005 -21"><span class='ocrx_word' id='word_1_209' title='bbox 151 4180 247 4264; x_wconf 88' lang='lat' dir='ltr'>Cipus</span> <span class='ocrx_word' id='word_1_210' title='bbox 269 4194 366 4244; x_wconf 89' lang='lat' dir='ltr'>testes</span> <span class='ocrx_word' id='word_1_211' title='bbox 391 4180 567 4262; x_wconf 93' lang='lat' dir='ltr'>producere</span> <span class='ocrx_word' id='word_1_212' title='bbox 592 4179 697 4240; x_wconf 90' lang='lat' dir='ltr'>debet.</span> 
     </span>
    </p>

    <p class='ocr_par' dir='ltr' id='par_1_19' title="bbox 252 4280 1408 4368">
     <span class='ocr_line' id='line_1_35' title="bbox 252 4280 1408 4368; baseline -0.008 -19"><span class='ocrx_word' id='word_1_213' title='bbox 252 4286 331 4349; x_wconf 92' lang='lat' dir='ltr'>ltem</span> <span class='ocrx_word' id='word_1_214' title='bbox 349 4286 458 4348; x_wconf 89' lang='lat' dir='ltr'>relicta</span> <span class='ocrx_word' id='word_1_215' title='bbox 477 4286 600 4368; x_wconf 88' lang='lat' dir='ltr'>Paulyn</span> <span class='ocrx_word' id='word_1_216' title='bbox 616 4299 725 4347; x_wconf 87' lang='lat' dir='ltr'>contra</span> <span class='ocrx_word' id='word_1_217' title='bbox 738 4285 802 4344; x_wconf 87' lang='lat' dir='ltr'>Res</span> <span class='ocrx_word' id='word_1_218' title='bbox 818 4283 1007 4344; x_wconf 91' lang='lat' dir='ltr'>secundario</span> <span class='ocrx_word' id='word_1_219' title='bbox 1025 4282 1118 4343; x_wconf 89' lang='lat' dir='ltr'>citata</span> <span class='ocrx_word' id='word_1_220' title='bbox 1136 4301 1200 4342; x_wconf 94' lang='lat' dir='ltr'>non</span> <span class='ocrx_word' id='word_1_221' title='bbox 1218 4280 1408 4362; x_wconf 86' lang='lat' dir='ltr'>comparuit.</span> 
     </span>
    </p>

    <p class='ocr_par' dir='ltr' id='par_1_20' title="bbox 250 4388 1216 4472">
     <span class='ocr_line' id='line_1_36' title="bbox 250 4388 1216 4472; baseline -0.007 -18"><span class='ocrx_word' id='word_1_222' title='bbox 250 4394 328 4456; x_wconf 91' lang='lat' dir='ltr'>ltem</span> <span class='ocrx_word' id='word_1_223' title='bbox 354 4393 472 4454; x_wconf 86' lang='lat' dir='ltr'>Paulus</span> <span class='ocrx_word' id='word_1_224' title='bbox 495 4406 605 4453; x_wconf 88' lang='lat' dir='ltr'>contra</span> <span class='ocrx_word' id='word_1_225' title='bbox 632 4391 761 4472; x_wconf 88' lang='lat' dir='ltr'>Mathey</span> <span class='ocrx_word' id='word_1_226' title='bbox 785 4405 898 4450; x_wconf 84' lang='lat' dir='ltr'>octavo</span> <span class='ocrx_word' id='word_1_227' title='bbox 923 4389 975 4450; x_wconf 91' lang='lat' dir='ltr'>die</span> <span class='ocrx_word' id='word_1_228' title='bbox 999 4388 1216 4470; x_wconf 90' lang='lat' dir='ltr'>respondebit.</span> 
     </span>
    </p>

    <p class='ocr_par' dir='ltr' id='par_1_21' title="bbox 251 4494 1270 4576">
     <span class='ocr_line' id='line_1_37' title="bbox 251 4494 1270 4576; baseline -0.009 -14"><span class='ocrx_word' id='word_1_229' title='bbox 251 4501 328 4562; x_wconf 92' lang='lat' dir='ltr'>ltem</span> <span class='ocrx_word' id='word_1_230' title='bbox 354 4499 529 4561; x_wconf 89' lang='lat' dir='ltr'>Mauricius</span> <span class='ocrx_word' id='word_1_231' title='bbox 553 4511 661 4559; x_wconf 92' lang='lat' dir='ltr'>contra</span> <span class='ocrx_word' id='word_1_232' title='bbox 687 4499 816 4558; x_wconf 84' lang='lat' dir='ltr'>Petrum</span> <span class='ocrx_word' id='word_1_233' title='bbox 841 4510 953 4557; x_wconf 91' lang='lat' dir='ltr'>octavo</span> <span class='ocrx_word' id='word_1_234' title='bbox 979 4496 1030 4556; x_wconf 92' lang='lat' dir='ltr'>die</span> <span class='ocrx_word' id='word_1_235' title='bbox 1054 4494 1270 4576; x_wconf 89' lang='lat' dir='ltr'>respondebit.</span> 
     </span>
    </p>

    <p class='ocr_par' dir='ltr' id='par_1_22' title="bbox 149 4602 1406 4786">
     <span class='ocr_line' id='line_1_38' title="bbox 251 4602 1406 4684; baseline -0.007 -16"><span class='ocrx_word' id='word_1_236' title='bbox 251 4607 328 4669; x_wconf 87' lang='lat' dir='ltr'>ltem</span> <span class='ocrx_word' id='word_1_237' title='bbox 355 4606 472 4668; x_wconf 87' lang='lat' dir='ltr'>Paulus</span> <span class='ocrx_word' id='word_1_238' title='bbox 496 4603 584 4666; x_wconf 87' lang='lat' dir='ltr'>faber</span> <span class='ocrx_word' id='word_1_239' title='bbox 615 4619 725 4666; x_wconf 90' lang='lat' dir='ltr'>contra</span> <span class='ocrx_word' id='word_1_240' title='bbox 750 4602 916 4665; x_wconf 90' lang='lat' dir='ltr'>Elizabeth</span> <span class='ocrx_word' id='word_1_241' title='bbox 949 4603 1052 4684; x_wconf 91' lang='lat' dir='ltr'>primo</span> <span class='ocrx_word' id='word_1_242' title='bbox 1077 4603 1190 4664; x_wconf 90' lang='lat' dir='ltr'>citatus</span> <span class='ocrx_word' id='word_1_243' title='bbox 1222 4620 1286 4661; x_wconf 93' lang='lat' dir='ltr'>non</span> <span class='ocrx_word' id='word_1_244' title='bbox 1319 4618 1406 4661; x_wconf 91' lang='lat' dir='ltr'>com·</span> 
     </span>
     <span class='ocr_line' id='line_1_39' title="bbox 149 4713 259 4786; baseline 0.036 -15"><span class='ocrx_word' id='word_1_245' title='bbox 149 4713 259 4786; x_wconf 82' lang='lat' dir='ltr'>paruit.</span> 
     </span>
    </p>

    <p class='ocr_par' dir='ltr' id='par_1_23' title="bbox 251 4816 803 4901">
     <span class='ocr_line' id='line_1_40' title="bbox 251 4816 803 4901; baseline -0.004 -21"><span class='ocrx_word' id='word_1_246' title='bbox 251 4819 328 4882; x_wconf 90' lang='lat' dir='ltr'>ltem</span> <span class='ocrx_word' id='word_1_247' title='bbox 347 4819 477 4901; x_wconf 84' lang='lat' dir='ltr'>Mathey</span> <span class='ocrx_word' id='word_1_248' title='bbox 502 4832 610 4880; x_wconf 91' lang='lat' dir='ltr'>contra</span> <span class='ocrx_word' id='word_1_249' title='bbox 637 4816 803 4899; x_wconf 87' lang='lat' dir='ltr'>Kyrinum.</span> 
     </span>
    </p>
   </div>
   <div class='ocr_carea' id='block_1_7' title="bbox 0 0 1713 5362">
    <p class='ocr_par' dir='ltr' id='par_1_24' title="bbox 0 0 1713 5362">
     <span class='ocr_line' id='line_1_41' title="bbox 0 0 1713 5362; baseline 0 0"><span class='ocrx_word' id='word_1_250' title='bbox 0 0 1713 5362; x_wconf 95' lang='lat' dir='ltr'> </span> 
     </span>
    </p>
   </div>
  </div>
 </body>
</html>
