3404 5362
513 381 717 462 Ann01386.
743 418 784 428 —
807 395 836 462 7.
861 389 988 458 augusti.
1325 384 1386 468 25⁸9

119 595 206 676 quod
233 596 301 677 ipse
327 615 383 677 per
413 592 534 656 Iactum
556 594 712 656 Iohannis
743 595 798 657 filii
833 597 988 659 Hermani
1022 598 1133 658 decem
1157 598 1227 660 flor.
1253 598 1384 682 dampni

112 722 229 783 passus
254 701 375 765 fuisset.

223 809 303 870 Item
336 809 442 869 Endre
467 809 534 890 Syb
566 822 680 870 octavo
714 808 766 871 die
798 809 941 871 secundo
973 831 1006 870 se
1039 810 1166 890 jurabit,
1198 813 1286 894 quod
1320 813 1385 895 ipse

105 932 224 996 neque
250 915 299 975 sui
323 914 471 976 homines
495 934 569 975 cum
594 934 653 976 suo
677 915 757 976 scitu
781 913 892 976 fimum
919 914 1066 997 Gregorii
1093 919 1296 1000 recepissent.

130 1132 232 1207 Ferit
262 1138 369 1206 tercia
397 1137 551 1225 proxima
580 1143 657 1223 post
684 1134 806 1205 festum
834 1134 923 1206 beati
953 1135 1114 1208 Dominici
1145 1138 1358 1212 confessoris.

646 1299 687 1364 (7.
717 1287 857 1363 auguste).

224 1428 304 1491 Item
327 1429 436 1489 relicta
455 1426 609 1510 Gyurgya
626 1447 662 1488 ac
680 1427 771 1488 Duch
790 1425 874 1488 filius
899 1426 1045 1508 Sydouin
1064 1443 1174 1490 contra
1199 1430 1384 1513 Philippum

90 1536 222 1613 primo
247 1535 333 1595 citati
358 1554 422 1595 non
449 1547 709 1615 comparuerunt.

224 1640 303 1701 Item
328 1639 496 1721 Philippus
519 1638 604 1700 filIus
628 1639 756 1701 medici.

224 1746 302 1807 Item
327 1746 472 1806 Andreas
488 1759 590 1806 sartor
607 1759 718 1806 contra
743 1743 859 1827 Gyuan
878 1745 1041 1808 Gallicum
1059 1746 1164 1827 primo
1181 1747 1294 1809 citatus
1318 1769 1382 1810 non

88 1853 307 1934 comparuit.

225 1958 305 2020 Item
329 1957 444 2039 IaIrlyn
469 1969 579 2018 contra
604 1957 788 2018 Emericum
812 1959 954 2019 secundo
980 1959 1093 2020 citatus
1110 1979 1174 2020 non
1193 1962 1383 2042 comparuit.

224 2065 303 2126 Item
328 2063 463 2144 Egidius
487 2063 635 2124 sacerdos
659 2076 689 2124 et
714 2064 876 2124 Iohannes
899 2065 1042 2126 Iiteratus
1066 2085 1101 2125 ac
1126 2065 1257 2127 domina
1274 2086 1383 2128 socrus

94 2171 273 2232 Johannis
295 2170 394 2231 Vasas
427 2185 541 2230 octavo
565 2169 617 2229 die
642 2184 749 2231 contra
782 2190 849 2233 sese
882 2172 1091 2233 Instrumenta
1126 2192 1237 2233 eorum
1264 2174 1382 2255 produ-

106 2297 188 2339 cere
214 2277 343 2338 debent.

221 2383 299 2443 Item
325 2383 425 2464 KyrIn
444 2394 552 2442 contra
571 2380 751 2442 Iohannem
769 2382 930 2443 literatum
955 2384 1059 2465 primo
1077 2385 1189 2446 citatus
1205 2404 1271 2446 non
1295 2405 1382 2446 com·

97 2489 230 2571 paruit.

222 2595 299 2657 Item
317 2594 403 2655 Iwan
421 2597 637 2676 carpentarius
661 2608 771 2657 contra
789 2594 951 2676 Mathyam
969 2609 1123 2657 sartorem
1147 2596 1252 2677 primo
1269 2596 1382 2658 citatus

98 2719 177 2762 lion
204 2700 395 2781 comparuit.

220 2806 298 2867 Item
331 2825 423 2867 causa
448 2806 613 2867 Benedicti
646 2806 757 2867 decani
791 2820 900 2867 contra
927 2806 1104 2888 Symonem
1137 2807 1313 2869 salivenam
1340 2810 1380 2870 ad

102 2928 263 2975 octavum
289 2912 375 2974 diem
400 2912 440 2973 ad
464 2932 576 2993 pacem
601 2926 647 2974 est
672 2926 807 2994 recepta.

220 3018 300 3079 Item
333 3037 427 3079 causa
453 3016 609 3079 Iohannis
641 3033 750 3080 contra
783 3018 962 3079 Iohannem
995 3019 1133 3097 juratum
1165 3020 1205 3080 ad
1230 3034 1380 3083 octavum

118 3124 203 3186 diem
229 3124 269 3186 ad
294 3144 406 3206 pacem
435 3138 481 3186 est
504 3139 641 3206 recepta.

221 3231 298 3291 Item
324 3230 461 3292 Selezko
486 3246 595 3292 contra
612 3232 777 3292 Andream
793 3244 935 3292 sutorem
960 3244 1073 3293 octavo
1091 3231 1142 3293 die
1160 3233 1379 3314 respondebit.

220 3337 298 3398 Item
323 3337 476 3398 Nicolaus
500 3350 610 3398 contra
636 3337 770 3397 Paulum
796 3337 900 3418 primo
918 3337 1031 3398 citatus
1055 3357 1120 3398 non
1146 3339 1336 3419 comparuit.

220 3442 296 3504 Item
322 3462 415 3504 causa
440 3443 565 3504 Lucasii
591 3457 701 3504 contra
727 3442 873 3523 Dragech
895 3443 934 3503 ad
960 3455 1109 3505 octavum
1134 3443 1220 3504 diem
1246 3457 1291 3505 est
1308 3464 1381 3526 pro·

118 3564 235 3630 rogata.

219 3654 297 3715 Item
325 3674 417 3716 causa
448 3654 539 3716 Pauli
572 3654 688 3716 literati
724 3668 833 3716 contra
865 3670 1045 3716 consortem
1079 3656 1237 3717 Francisci
1261 3657 1299 3716 ad
1327 3676 1379 3718 oc·

115 3773 223 3821 tavum
248 3760 334 3821 diem
360 3774 406 3822 est
430 3773 609 3842 prorogata.

219 3867 297 3927 Item
322 3885 415 3928 causa
433 3866 565 3927 domine
591 3866 692 3928 EIene
710 3880 818 3928 contra
841 3867 969 3928 Petrum
986 3880 1140 3929 sartorem
1166 3868 1205 3928 ad
1230 3881 1379 3929 octavum

116 3972 200 4033 diem
223 3984 270 4033 est
294 3986 475 4054 prorogata.

219 4078 297 4138 Item
326 4078 472 4161 Mathyas
496 4093 597 4140 sartor
614 4093 723 4139 contra
752 4079 922 4140 Nicolaum
941 4080 1045 4161 primo
1064 4080 1176 4140 citatus
1200 4099 1266 4140 non
1292 4100 1379 4140 com-

116 4184 228 4263 paruit.

220 4289 298 4350 Item
325 4289 472 4372 MychaeI
498 4292 714 4371 carpentarius
746 4305 860 4352 octavo
894 4291 946 4351 die
970 4305 1058 4351 sexto
1083 4311 1115 4351 se
1147 4311 1305 4371 supereo
1332 4291 1378 4368 ju·

114 4396 204 4474 rabit,
229 4396 316 4477 quod
350 4397 417 4477 ipse
449 4397 615 4477 quoddam
641 4397 825 4458 incendium
857 4398 1036 4458 voluntarie
1069 4417 1133 4458 non
1161 4396 1294 4475 fecisset,
1322 4398 1377 4460 sed

114 4503 338 4583 contIngenter
361 4502 480 4564 Iactum
504 4502 624 4565 fuisset.

218 4608 296 4670 Item
321 4609 474 4670 Nicolaus
499 4609 537 4670 de
559 4611 719 4691 Zauersya
743 4609 830 4670 solus
848 4624 961 4670 octavo
987 4610 1038 4671 die
1063 4630 1158 4691 super
1182 4630 1220 4670 eo
1245 4609 1375 4688 jurabit,

115 4714 200 4794 quod
226 4715 293 4796 ipse
317 4715 476 4796 quosdam
501 4715 710 4796 quadraginta
728 4729 790 4776 tres
808 4714 876 4775 flor.
899 4716 966 4776 auri
991 4715 1108 4776 Mathie
1134 4715 1237 4794 jurato
1263 4729 1377 4776 mutuo

115 4821 257 4883 sednon
283 4821 323 4882 ad
349 4821 542 4882 musandum
568 4822 637 4902 Ipsa
660 4842 692 4882 re
716 4821 852 4881 domum
877 4841 966 4881 suam
992 4822 1141 4882 dedisset.

1257 4913 1273 4945 ar

1272 5098 1281 5125 Ι
