<?xml version="1.0" encoding="UTF-8"?>
<!DOCTYPE html PUBLIC "-//W3C//DTD XHTML 1.0 Transitional//EN"
    "http://www.w3.org/TR/xhtml1/DTD/xhtml1-transitional.dtd">
<html xmlns="http://www.w3.org/1999/xhtml" xml:lang="en" lang="en">
 <head>
  <title>
</title>
<meta http-equiv="Content-Type" content="text/html;charset=utf-8" />
  <meta name='ocr-system' content='tesseract 3.04.00' />
  <meta name='ocr-capabilities' content='ocr_page ocr_carea ocr_par ocr_line ocrx_word'/>
</head>
<body>
  <div class='ocr_page' id='page_1' title='image "./monumentahistor04laszgoog/monumentahistor04laszgoog_0098.png"; bbox 0 0 3404 5362; ppageno 0'>
   <div class='ocr_carea' id='block_1_1' title="bbox 477 103 1338 188">
    <p class='ocr_par' dir='ltr' id='par_1_1' title="bbox 477 103 1338 188">
     <span class='ocr_line' id='line_1_1' title="bbox 477 103 1338 188; baseline 0.012 -23"><span class='ocrx_word' id='word_1_1' title='bbox 477 103 675 185; x_wconf 77' lang='lat' dir='ltr'>Ann01376.</span> <span class='ocrx_word' id='word_1_2' title='bbox 699 140 738 150; x_wconf 97' lang='lat'>-</span> <span class='ocrx_word' id='word_1_3' title='bbox 763 121 815 167; x_wconf 86' lang='lat'>20.</span> <span class='ocrx_word' id='word_1_4' title='bbox 832 109 925 183; x_wconf 84' lang='lat' dir='ltr'>junii.</span> <span class='ocrx_word' id='word_1_5' title='bbox 1296 126 1338 188; x_wconf 87' lang='lat'>49</span> 
     </span>
    </p>
   </div>
   <div class='ocr_carea' id='block_1_2' title="bbox 65 215 422 222">
    <p class='ocr_par' dir='ltr' id='par_1_2' title="bbox 65 215 422 222">
     <span class='ocr_line' id='line_1_2' title="bbox 65 215 422 222; baseline 0.003 -2"><span class='ocrx_word' id='word_1_6' title='bbox 65 215 422 222; x_wconf 78' lang='lat'><em>--.-.———--</em></span> 
     </span>
    </p>
   </div>
   <div class='ocr_carea' id='block_1_3' title="bbox 54 361 1340 560">
    <p class='ocr_par' dir='ltr' id='par_1_3' title="bbox 54 361 1340 560">
     <span class='ocr_line' id='line_1_3' title="bbox 54 361 1340 453; baseline -0.002 -20"><span class='ocrx_word' id='word_1_7' title='bbox 54 361 169 436; x_wconf 85' lang='lat' dir='ltr'>Feria</span> <span class='ocrx_word' id='word_1_8' title='bbox 198 374 297 435; x_wconf 81' lang='lat' dir='ltr'>sexta</span> <span class='ocrx_word' id='word_1_9' title='bbox 324 366 480 453; x_wconf 88' lang='lat' dir='ltr'>proxima</span> <span class='ocrx_word' id='word_1_10' title='bbox 516 370 593 453; x_wconf 85' lang='lat' dir='ltr'>post</span> <span class='ocrx_word' id='word_1_11' title='bbox 629 370 768 435; x_wconf 80' lang='lat' dir='ltr'>octavas</span> <span class='ocrx_word' id='word_1_12' title='bbox 805 363 884 435; x_wconf 86' lang='lat' dir='ltr'>festi</span> <span class='ocrx_word' id='word_1_13' title='bbox 922 362 1150 434; x_wconf 83' lang='lat' dir='ltr'>sacratissimi</span> <span class='ocrx_word' id='word_1_14' title='bbox 1189 362 1340 450; x_wconf 85' lang='lat' dir='ltr'>corporis</span> 
     </span>
     <span class='ocr_line' id='line_1_4' title="bbox 641 485 778 560; baseline -0.007 -1"><span class='ocrx_word' id='word_1_15' title='bbox 641 485 778 560; x_wconf 78' lang='lat' dir='ltr'>Christi.</span> 
     </span>
    </p>
   </div>
   <div class='ocr_carea' id='block_1_4' title="bbox 615 656 807 736">
    <p class='ocr_par' dir='ltr' id='par_1_4' title="bbox 615 656 807 736">
     <span class='ocr_line' id='line_1_5' title="bbox 615 656 807 736; baseline 0.021 -20"><span class='ocrx_word' id='word_1_16' title='bbox 615 661 680 734; x_wconf 90' lang='lat'><em>(20.</em></span> <span class='ocrx_word' id='word_1_17' title='bbox 696 656 807 736; x_wconf 83' lang='lat' dir='ltr'>junii).</span> 
     </span>
    </p>
   </div>
   <div class='ocr_carea' id='block_1_5' title="bbox 45 814 1343 3018">
    <p class='ocr_par' dir='ltr' id='par_1_5' title="bbox 45 814 1340 1003">
     <span class='ocr_line' id='line_1_6' title="bbox 178 814 1340 898; baseline 0 -22"><span class='ocrx_word' id='word_1_18' title='bbox 178 816 290 877; x_wconf 91' lang='lat' dir='ltr'>Primo</span> <span class='ocrx_word' id='word_1_19' title='bbox 314 816 432 877; x_wconf 90' lang='lat' dir='ltr'>Paulus</span> <span class='ocrx_word' id='word_1_20' title='bbox 460 815 621 878; x_wconf 79' lang='lat' dir='ltr'>aurifaber</span> <span class='ocrx_word' id='word_1_21' title='bbox 652 829 761 879; x_wconf 89' lang='lat' dir='ltr'>contra</span> <span class='ocrx_word' id='word_1_22' title='bbox 786 815 957 877; x_wconf 86' lang='lat' dir='ltr'>Nicolaum</span> <span class='ocrx_word' id='word_1_23' title='bbox 989 829 1143 878; x_wconf 88' lang='lat' dir='ltr'>sartorem</span> <span class='ocrx_word' id='word_1_24' title='bbox 1168 815 1273 898; x_wconf 90' lang='lat' dir='ltr'>primo</span> <span class='ocrx_word' id='word_1_25' title='bbox 1297 814 1340 876; x_wconf 93' lang='lat' dir='ltr'>ci·</span> 
     </span>
     <span class='ocr_line' id='line_1_7' title="bbox 45 922 462 1003; baseline -0.002 -19"><span class='ocrx_word' id='word_1_26' title='bbox 45 934 155 984; x_wconf 79' lang='lat' dir='ltr'>tatus</span> <span class='ocrx_word' id='word_1_27' title='bbox 179 941 247 982; x_wconf 93' lang='lat' dir='ltr'>non</span> <span class='ocrx_word' id='word_1_28' title='bbox 272 922 462 1003; x_wconf 86' lang='lat' dir='ltr'>comparuit.</span> 
     </span>
    </p>

    <p class='ocr_par' dir='ltr' id='par_1_6' title="bbox 179 1026 1298 1109">
     <span class='ocr_line' id='line_1_8' title="bbox 179 1026 1298 1109; baseline 0.002 -22"><span class='ocrx_word' id='word_1_29' title='bbox 179 1028 260 1088; x_wconf 88' lang='lat' dir='ltr'>ltem</span> <span class='ocrx_word' id='word_1_30' title='bbox 285 1027 454 1109; x_wconf 89' lang='lat' dir='ltr'>lwanycha</span> <span class='ocrx_word' id='word_1_31' title='bbox 478 1040 587 1089; x_wconf 90' lang='lat' dir='ltr'>contra</span> <span class='ocrx_word' id='word_1_32' title='bbox 605 1027 747 1090; x_wconf 90' lang='lat' dir='ltr'>Brumen</span> <span class='ocrx_word' id='word_1_33' title='bbox 771 1027 876 1109; x_wconf 92' lang='lat' dir='ltr'>primo</span> <span class='ocrx_word' id='word_1_34' title='bbox 901 1027 994 1089; x_wconf 89' lang='lat' dir='ltr'>citata</span> <span class='ocrx_word' id='word_1_35' title='bbox 1019 1046 1084 1088; x_wconf 93' lang='lat' dir='ltr'>non</span> <span class='ocrx_word' id='word_1_36' title='bbox 1109 1026 1298 1109; x_wconf 89' lang='lat' dir='ltr'>comparuit.</span> 
     </span>
    </p>

    <p class='ocr_par' dir='ltr' id='par_1_7' title="bbox 51 1131 1343 1321">
     <span class='ocr_line' id='line_1_9' title="bbox 180 1131 1343 1216; baseline -0.002 -21"><span class='ocrx_word' id='word_1_37' title='bbox 180 1132 260 1195; x_wconf 91' lang='lat' dir='ltr'>ltem</span> <span class='ocrx_word' id='word_1_38' title='bbox 291 1133 446 1195; x_wconf 87' lang='lat' dir='ltr'>Nicolaus</span> <span class='ocrx_word' id='word_1_39' title='bbox 478 1133 669 1195; x_wconf 88' lang='lat' dir='ltr'>castellanus</span> <span class='ocrx_word' id='word_1_40' title='bbox 702 1146 812 1195; x_wconf 91' lang='lat' dir='ltr'>contra</span> <span class='ocrx_word' id='word_1_41' title='bbox 844 1133 980 1195; x_wconf 87' lang='lat' dir='ltr'>Paulum</span> <span class='ocrx_word' id='word_1_42' title='bbox 1014 1133 1122 1216; x_wconf 87' lang='lat' dir='ltr'>Kypar</span> <span class='ocrx_word' id='word_1_43' title='bbox 1146 1145 1260 1194; x_wconf 89' lang='lat' dir='ltr'>octavo</span> <span class='ocrx_word' id='word_1_44' title='bbox 1290 1131 1343 1194; x_wconf 87' lang='lat' dir='ltr'>die</span> 
     </span>
     <span class='ocr_line' id='line_1_10' title="bbox 51 1238 296 1321; baseline 0.004 -23"><span class='ocrx_word' id='word_1_45' title='bbox 51 1238 296 1321; x_wconf 86' lang='lat' dir='ltr'>respondebit.</span> 
     </span>
    </p>

    <p class='ocr_par' dir='ltr' id='par_1_8' title="bbox 49 1343 1343 1533">
     <span class='ocr_line' id='line_1_11' title="bbox 181 1343 1343 1428; baseline 0 -23"><span class='ocrx_word' id='word_1_46' title='bbox 181 1345 260 1407; x_wconf 88' lang='lat' dir='ltr'>ltem</span> <span class='ocrx_word' id='word_1_47' title='bbox 285 1344 446 1427; x_wconf 84' lang='lat' dir='ltr'>Georgius</span> <span class='ocrx_word' id='word_1_48' title='bbox 468 1343 556 1406; x_wconf 88' lang='lat' dir='ltr'>filius</span> <span class='ocrx_word' id='word_1_49' title='bbox 574 1344 728 1428; x_wconf 88' lang='lat' dir='ltr'>Stephani</span> <span class='ocrx_word' id='word_1_50' title='bbox 751 1345 906 1407; x_wconf 89' lang='lat' dir='ltr'>sallivene</span> <span class='ocrx_word' id='word_1_51' title='bbox 923 1357 1033 1407; x_wconf 89' lang='lat' dir='ltr'>contra</span> <span class='ocrx_word' id='word_1_52' title='bbox 1058 1343 1205 1405; x_wconf 89' lang='lat' dir='ltr'>Zerklam</span> <span class='ocrx_word' id='word_1_53' title='bbox 1229 1355 1343 1405; x_wconf 89' lang='lat' dir='ltr'>octavo</span> 
     </span>
     <span class='ocr_line' id='line_1_12' title="bbox 49 1451 371 1533; baseline 0.006 -22"><span class='ocrx_word' id='word_1_54' title='bbox 49 1451 120 1513; x_wconf 90' lang='lat' dir='ltr'>die</span> <span class='ocrx_word' id='word_1_55' title='bbox 149 1451 371 1533; x_wconf 88' lang='lat' dir='ltr'>respondebit.</span> 
     </span>
    </p>

    <p class='ocr_par' dir='ltr' id='par_1_9' title="bbox 54 1554 1343 1745">
     <span class='ocr_line' id='line_1_13' title="bbox 181 1554 1343 1638; baseline 0 -21"><span class='ocrx_word' id='word_1_56' title='bbox 181 1557 261 1618; x_wconf 89' lang='lat' dir='ltr'>ltem</span> <span class='ocrx_word' id='word_1_57' title='bbox 286 1556 449 1617; x_wconf 84' lang='lat' dir='ltr'>lohannes</span> <span class='ocrx_word' id='word_1_58' title='bbox 473 1570 562 1618; x_wconf 90' lang='lat' dir='ltr'>sutor</span> <span class='ocrx_word' id='word_1_59' title='bbox 586 1557 699 1618; x_wconf 88' lang='lat' dir='ltr'>Marko</span> <span class='ocrx_word' id='word_1_60' title='bbox 723 1554 790 1618; x_wconf 87' lang='lat' dir='ltr'>filio</span> <span class='ocrx_word' id='word_1_61' title='bbox 823 1556 945 1620; x_wconf 90' lang='lat' dir='ltr'>Gemez</span> <span class='ocrx_word' id='word_1_62' title='bbox 970 1557 1001 1617; x_wconf 92' lang='lat' dir='ltr'>in</span> <span class='ocrx_word' id='word_1_63' title='bbox 1027 1556 1200 1638; x_wconf 90' lang='lat' dir='ltr'>quindenis</span> <span class='ocrx_word' id='word_1_64' title='bbox 1223 1575 1343 1618; x_wconf 88' lang='lat' dir='ltr'>asseres</span> 
     </span>
     <span class='ocr_line' id='line_1_14' title="bbox 54 1662 1043 1745; baseline -0.001 -21"><span class='ocrx_word' id='word_1_65' title='bbox 54 1679 125 1725; x_wconf 86' lang='lat' dir='ltr'>aut</span> <span class='ocrx_word' id='word_1_66' title='bbox 152 1663 326 1745; x_wconf 90' lang='lat' dir='ltr'>pecuniam</span> <span class='ocrx_word' id='word_1_67' title='bbox 352 1662 516 1724; x_wconf 79' lang='lat' dir='ltr'>exsolvere</span> <span class='ocrx_word' id='word_1_68' title='bbox 541 1662 637 1724; x_wconf 92' lang='lat' dir='ltr'>debet</span> <span class='ocrx_word' id='word_1_69' title='bbox 660 1663 789 1725; x_wconf 82' lang='lat' dir='ltr'>racione</span> <span class='ocrx_word' id='word_1_70' title='bbox 818 1662 1043 1725; x_wconf 84' lang='lat' dir='ltr'>fideiussionis.</span> 
     </span>
    </p>

    <p class='ocr_par' dir='ltr' id='par_1_10' title="bbox 178 1767 1342 1851">
     <span class='ocr_line' id='line_1_15' title="bbox 178 1767 1342 1851; baseline 0.002 -22"><span class='ocrx_word' id='word_1_71' title='bbox 178 1770 258 1831; x_wconf 91' lang='lat' dir='ltr'>ltem</span> <span class='ocrx_word' id='word_1_72' title='bbox 284 1767 445 1849; x_wconf 82' lang='lat' dir='ltr'>Georgius</span> <span class='ocrx_word' id='word_1_73' title='bbox 469 1781 579 1830; x_wconf 90' lang='lat' dir='ltr'>contra</span> <span class='ocrx_word' id='word_1_74' title='bbox 604 1769 754 1831; x_wconf 89' lang='lat' dir='ltr'>Markum</span> <span class='ocrx_word' id='word_1_75' title='bbox 772 1768 895 1832; x_wconf 88' lang='lat' dir='ltr'>Gemez</span> <span class='ocrx_word' id='word_1_76' title='bbox 917 1783 1031 1830; x_wconf 88' lang='lat' dir='ltr'>octavo</span> <span class='ocrx_word' id='word_1_77' title='bbox 1056 1769 1108 1832; x_wconf 92' lang='lat' dir='ltr'>die</span> <span class='ocrx_word' id='word_1_78' title='bbox 1125 1769 1342 1851; x_wconf 88' lang='lat' dir='ltr'>respondebit.</span> 
     </span>
    </p>

    <p class='ocr_par' dir='ltr' id='par_1_11' title="bbox 52 1874 1342 2151">
     <span class='ocr_line' id='line_1_16' title="bbox 180 1874 1342 1958; baseline 0.001 -23"><span class='ocrx_word' id='word_1_79' title='bbox 180 1875 259 1936; x_wconf 90' lang='lat' dir='ltr'>ltem</span> <span class='ocrx_word' id='word_1_80' title='bbox 292 1875 455 1937; x_wconf 79' lang='lat' dir='ltr'>lohannes</span> <span class='ocrx_word' id='word_1_81' title='bbox 485 1876 563 1957; x_wconf 91' lang='lat' dir='ltr'>vigil</span> <span class='ocrx_word' id='word_1_82' title='bbox 594 1895 651 1958; x_wconf 88' lang='lat' dir='ltr'>per</span> <span class='ocrx_word' id='word_1_83' title='bbox 676 1875 867 1958; x_wconf 81' lang='lat' dir='ltr'>Vydonem,</span> <span class='ocrx_word' id='word_1_84' title='bbox 892 1876 1071 1936; x_wconf 87' lang='lat' dir='ltr'>Perkonem</span> <span class='ocrx_word' id='word_1_85' title='bbox 1104 1888 1134 1936; x_wconf 90' lang='lat' dir='ltr'>et</span> <span class='ocrx_word' id='word_1_86' title='bbox 1164 1874 1342 1956; x_wconf 82' lang='lat' dir='ltr'>Georgium</span> 
     </span>
     <span class='ocr_line' id='line_1_17' title="bbox 52 1979 1342 2064; baseline -0.002 -19"><span class='ocrx_word' id='word_1_87' title='bbox 52 1996 188 2045; x_wconf 84' lang='lat' dir='ltr'>octavo</span> <span class='ocrx_word' id='word_1_88' title='bbox 206 1982 258 2043; x_wconf 94' lang='lat' dir='ltr'>die</span> <span class='ocrx_word' id='word_1_89' title='bbox 275 1981 424 2043; x_wconf 86' lang='lat' dir='ltr'>atestabit</span> <span class='ocrx_word' id='word_1_90' title='bbox 447 2000 542 2063; x_wconf 88' lang='lat' dir='ltr'>super</span> <span class='ocrx_word' id='word_1_91' title='bbox 566 2000 617 2060; x_wconf 89' lang='lat' dir='ltr'>eo,</span> <span class='ocrx_word' id='word_1_92' title='bbox 642 1981 731 2063; x_wconf 93' lang='lat' dir='ltr'>quod</span> <span class='ocrx_word' id='word_1_93' title='bbox 755 1982 860 2064; x_wconf 89' lang='lat' dir='ltr'>ipsum</span> <span class='ocrx_word' id='word_1_94' title='bbox 885 1982 1053 2064; x_wconf 89' lang='lat' dir='ltr'>Philippus</span> <span class='ocrx_word' id='word_1_95' title='bbox 1069 1979 1154 2042; x_wconf 90' lang='lat' dir='ltr'>filius</span> <span class='ocrx_word' id='word_1_96' title='bbox 1170 1981 1247 2043; x_wconf 90' lang='lat' dir='ltr'>luan</span> <span class='ocrx_word' id='word_1_97' title='bbox 1264 1980 1342 2043; x_wconf 90' lang='lat' dir='ltr'>fisici</span> 
     </span>
     <span class='ocr_line' id='line_1_18' title="bbox 54 2086 437 2151; baseline 0 -3"><span class='ocrx_word' id='word_1_98' title='bbox 54 2087 250 2151; x_wconf 87' lang='lat' dir='ltr'>interficere</span> <span class='ocrx_word' id='word_1_99' title='bbox 274 2086 437 2148; x_wconf 87' lang='lat' dir='ltr'>voluisset.</span> 
     </span>
    </p>

    <p class='ocr_par' dir='ltr' id='par_1_12' title="bbox 181 2191 1254 2276">
     <span class='ocr_line' id='line_1_19' title="bbox 181 2191 1254 2276; baseline 0.001 -22"><span class='ocrx_word' id='word_1_100' title='bbox 181 2193 259 2254; x_wconf 90' lang='lat' dir='ltr'>ltem</span> <span class='ocrx_word' id='word_1_101' title='bbox 284 2191 430 2273; x_wconf 89' lang='lat' dir='ltr'>Philipus</span> <span class='ocrx_word' id='word_1_102' title='bbox 454 2205 563 2253; x_wconf 91' lang='lat' dir='ltr'>contra</span> <span class='ocrx_word' id='word_1_103' title='bbox 588 2192 792 2255; x_wconf 89' lang='lat' dir='ltr'>Clementem</span> <span class='ocrx_word' id='word_1_104' title='bbox 821 2207 935 2254; x_wconf 87' lang='lat' dir='ltr'>octavo</span> <span class='ocrx_word' id='word_1_105' title='bbox 959 2192 1011 2254; x_wconf 92' lang='lat' dir='ltr'>die</span> <span class='ocrx_word' id='word_1_106' title='bbox 1035 2193 1254 2276; x_wconf 89' lang='lat' dir='ltr'>respondebit.</span> 
     </span>
    </p>

    <p class='ocr_par' dir='ltr' id='par_1_13' title="bbox 60 2297 1342 2594">
     <span class='ocr_line' id='line_1_20' title="bbox 182 2297 1342 2382; baseline 0.001 -23"><span class='ocrx_word' id='word_1_107' title='bbox 182 2299 260 2361; x_wconf 92' lang='lat' dir='ltr'>ltem</span> <span class='ocrx_word' id='word_1_108' title='bbox 286 2297 440 2381; x_wconf 89' lang='lat' dir='ltr'>Gyurgek</span> <span class='ocrx_word' id='word_1_109' title='bbox 464 2311 574 2360; x_wconf 86' lang='lat' dir='ltr'>contra</span> <span class='ocrx_word' id='word_1_110' title='bbox 600 2299 744 2361; x_wconf 89' lang='lat' dir='ltr'>lwanum</span> <span class='ocrx_word' id='word_1_111' title='bbox 761 2299 960 2362; x_wconf 88' lang='lat' dir='ltr'>Chudauech</span> <span class='ocrx_word' id='word_1_112' title='bbox 985 2314 1098 2362; x_wconf 87' lang='lat' dir='ltr'>octavo</span> <span class='ocrx_word' id='word_1_113' title='bbox 1115 2300 1167 2362; x_wconf 92' lang='lat' dir='ltr'>die</span> <span class='ocrx_word' id='word_1_114' title='bbox 1191 2319 1247 2382; x_wconf 89' lang='lat' dir='ltr'>per</span> <span class='ocrx_word' id='word_1_115' title='bbox 1264 2299 1342 2362; x_wconf 89' lang='lat' dir='ltr'>Ger-</span> 
     </span>
     <span class='ocr_line' id='line_1_21' title="bbox 60 2405 1340 2488; baseline 0.001 -21"><span class='ocrx_word' id='word_1_116' title='bbox 60 2406 210 2484; x_wconf 84' lang='lat' dir='ltr'>dauech,</span> <span class='ocrx_word' id='word_1_117' title='bbox 242 2407 373 2466; x_wconf 92' lang='lat' dir='ltr'>Kunam</span> <span class='ocrx_word' id='word_1_118' title='bbox 397 2418 428 2467; x_wconf 92' lang='lat' dir='ltr'>et</span> <span class='ocrx_word' id='word_1_119' title='bbox 460 2405 596 2466; x_wconf 88' lang='lat' dir='ltr'>Paulum</span> <span class='ocrx_word' id='word_1_120' title='bbox 628 2406 775 2468; x_wconf 90' lang='lat' dir='ltr'>atestabit</span> <span class='ocrx_word' id='word_1_121' title='bbox 804 2426 900 2488; x_wconf 91' lang='lat' dir='ltr'>super</span> <span class='ocrx_word' id='word_1_122' title='bbox 928 2426 978 2485; x_wconf 90' lang='lat' dir='ltr'>e0,</span> <span class='ocrx_word' id='word_1_123' title='bbox 1010 2406 1099 2488; x_wconf 95' lang='lat' dir='ltr'>quod</span> <span class='ocrx_word' id='word_1_124' title='bbox 1131 2407 1198 2488; x_wconf 88' lang='lat' dir='ltr'>ipse</span> <span class='ocrx_word' id='word_1_125' title='bbox 1222 2426 1340 2469; x_wconf 90' lang='lat' dir='ltr'>novem</span> 
     </span>
     <span class='ocr_line' id='line_1_22' title="bbox 65 2512 647 2594; baseline 0.002 -20"><span class='ocrx_word' id='word_1_126' title='bbox 65 2532 191 2594; x_wconf 89' lang='lat' dir='ltr'>pensas</span> <span class='ocrx_word' id='word_1_127' title='bbox 215 2512 274 2594; x_wconf 91' lang='lat' dir='ltr'>ipsi</span> <span class='ocrx_word' id='word_1_128' title='bbox 300 2512 408 2572; x_wconf 91' lang='lat' dir='ltr'>lwano</span> <span class='ocrx_word' id='word_1_129' title='bbox 432 2512 647 2593; x_wconf 90' lang='lat' dir='ltr'>persolvisset.</span> 
     </span>
    </p>

    <p class='ocr_par' dir='ltr' id='par_1_14' title="bbox 66 2617 1342 2806">
     <span class='ocr_line' id='line_1_23' title="bbox 182 2617 1342 2700; baseline 0.001 -22"><span class='ocrx_word' id='word_1_130' title='bbox 182 2619 261 2680; x_wconf 91' lang='lat' dir='ltr'>ltem</span> <span class='ocrx_word' id='word_1_131' title='bbox 291 2637 386 2679; x_wconf 89' lang='lat' dir='ltr'>causa</span> <span class='ocrx_word' id='word_1_132' title='bbox 412 2617 582 2678; x_wconf 90' lang='lat' dir='ltr'>Chernech</span> <span class='ocrx_word' id='word_1_133' title='bbox 614 2631 645 2679; x_wconf 92' lang='lat' dir='ltr'>et</span> <span class='ocrx_word' id='word_1_134' title='bbox 673 2618 783 2680; x_wconf 89' lang='lat' dir='ltr'>Maren</span> <span class='ocrx_word' id='word_1_135' title='bbox 816 2632 861 2679; x_wconf 91' lang='lat' dir='ltr'>est</span> <span class='ocrx_word' id='word_1_136' title='bbox 884 2638 942 2700; x_wconf 93' lang='lat' dir='ltr'>per</span> <span class='ocrx_word' id='word_1_137' title='bbox 973 2618 1154 2680; x_wconf 79' lang='lat' dir='ltr'>iohannem</span> <span class='ocrx_word' id='word_1_138' title='bbox 1178 2618 1342 2680; x_wconf 89' lang='lat' dir='ltr'>Chemerii</span> 
     </span>
     <span class='ocr_line' id='line_1_24' title="bbox 66 2721 1130 2806; baseline 0.001 -21"><span class='ocrx_word' id='word_1_139' title='bbox 66 2738 104 2785; x_wconf 90' lang='lat' dir='ltr'>et</span> <span class='ocrx_word' id='word_1_140' title='bbox 131 2724 292 2786; x_wconf 85' lang='lat' dir='ltr'>lanchech</span> <span class='ocrx_word' id='word_1_141' title='bbox 317 2721 514 2785; x_wconf 82' lang='lat' dir='ltr'>aurifabrum</span> <span class='ocrx_word' id='word_1_142' title='bbox 538 2723 578 2784; x_wconf 92' lang='lat' dir='ltr'>ad</span> <span class='ocrx_word' id='word_1_143' title='bbox 602 2738 675 2786; x_wconf 88' lang='lat' dir='ltr'>octo</span> <span class='ocrx_word' id='word_1_144' title='bbox 699 2725 769 2786; x_wconf 91' lang='lat' dir='ltr'>dies</span> <span class='ocrx_word' id='word_1_145' title='bbox 791 2738 917 2806; x_wconf 89' lang='lat' dir='ltr'>recepta</span> <span class='ocrx_word' id='word_1_146' title='bbox 942 2724 982 2784; x_wconf 88' lang='lat' dir='ltr'>ad</span> <span class='ocrx_word' id='word_1_147' title='bbox 1006 2743 1130 2806; x_wconf 86' lang='lat' dir='ltr'>pacem.</span> 
     </span>
    </p>

    <p class='ocr_par' dir='ltr' id='par_1_15' title="bbox 68 2830 1340 3018">
     <span class='ocr_line' id='line_1_25' title="bbox 183 2830 1340 2913; baseline -0.002 -20"><span class='ocrx_word' id='word_1_148' title='bbox 183 2831 259 2893; x_wconf 92' lang='lat' dir='ltr'>ltem</span> <span class='ocrx_word' id='word_1_149' title='bbox 286 2850 381 2893; x_wconf 90' lang='lat' dir='ltr'>causa</span> <span class='ocrx_word' id='word_1_150' title='bbox 411 2830 586 2891; x_wconf 85' lang='lat' dir='ltr'>Alexandri</span> <span class='ocrx_word' id='word_1_151' title='bbox 618 2844 648 2892; x_wconf 89' lang='lat' dir='ltr'>et</span> <span class='ocrx_word' id='word_1_152' title='bbox 679 2831 755 2892; x_wconf 87' lang='lat' dir='ltr'>Sara</span> <span class='ocrx_word' id='word_1_153' title='bbox 780 2844 827 2892; x_wconf 89' lang='lat' dir='ltr'>est</span> <span class='ocrx_word' id='word_1_154' title='bbox 856 2850 913 2913; x_wconf 95' lang='lat' dir='ltr'>per</span> <span class='ocrx_word' id='word_1_155' title='bbox 945 2830 1089 2892; x_wconf 89' lang='lat' dir='ltr'>Francha</span> <span class='ocrx_word' id='word_1_156' title='bbox 1114 2843 1145 2893; x_wconf 89' lang='lat' dir='ltr'>et</span> <span class='ocrx_word' id='word_1_157' title='bbox 1169 2831 1340 2892; x_wconf 89' lang='lat' dir='ltr'>Nicolaum</span> 
     </span>
     <span class='ocr_line' id='line_1_26' title="bbox 68 2934 944 3018; baseline 0.005 -22"><span class='ocrx_word' id='word_1_158' title='bbox 68 2934 180 2997; x_wconf 91' lang='lat' dir='ltr'>filium</span> <span class='ocrx_word' id='word_1_159' title='bbox 203 2937 330 2999; x_wconf 90' lang='lat' dir='ltr'>Nicolai</span> <span class='ocrx_word' id='word_1_160' title='bbox 355 2937 395 2998; x_wconf 89' lang='lat' dir='ltr'>ad</span> <span class='ocrx_word' id='word_1_161' title='bbox 419 2950 493 2998; x_wconf 90' lang='lat' dir='ltr'>octo</span> <span class='ocrx_word' id='word_1_162' title='bbox 516 2936 584 2998; x_wconf 89' lang='lat' dir='ltr'>dies</span> <span class='ocrx_word' id='word_1_163' title='bbox 608 2948 734 3018; x_wconf 89' lang='lat' dir='ltr'>recepta</span> <span class='ocrx_word' id='word_1_164' title='bbox 757 2937 798 2998; x_wconf 89' lang='lat' dir='ltr'>ad</span> <span class='ocrx_word' id='word_1_165' title='bbox 822 2957 944 3018; x_wconf 89' lang='lat' dir='ltr'>pacem.</span> 
     </span>
    </p>
   </div>
   <div class='ocr_carea' id='block_1_6' title="bbox 72 3059 1371 4633">
    <p class='ocr_par' dir='ltr' id='par_1_16' title="bbox 72 3059 1371 3355">
     <span class='ocr_line' id='line_1_27' title="bbox 183 3059 1342 3142; baseline 0.001 -21"><span class='ocrx_word' id='word_1_166' title='bbox 183 3061 261 3123; x_wconf 90' lang='lat' dir='ltr'>Item</span> <span class='ocrx_word' id='word_1_167' title='bbox 286 3080 381 3123; x_wconf 91' lang='lat' dir='ltr'>causa</span> <span class='ocrx_word' id='word_1_168' title='bbox 407 3061 575 3123; x_wconf 75' lang='lat' dir='ltr'>laurencii</span> <span class='ocrx_word' id='word_1_169' title='bbox 600 3073 631 3122; x_wconf 89' lang='lat' dir='ltr'>et</span> <span class='ocrx_word' id='word_1_170' title='bbox 655 3059 774 3123; x_wconf 94' lang='lat' dir='ltr'>Genini</span> <span class='ocrx_word' id='word_1_171' title='bbox 798 3076 908 3123; x_wconf 89' lang='lat' dir='ltr'>contra</span> <span class='ocrx_word' id='word_1_172' title='bbox 932 3061 1120 3142; x_wconf 87' lang='lat' dir='ltr'>magistrum</span> <span class='ocrx_word' id='word_1_173' title='bbox 1145 3061 1258 3122; x_wconf 86' lang='lat' dir='ltr'>Jakmo</span> <span class='ocrx_word' id='word_1_174' title='bbox 1275 3080 1342 3122; x_wconf 92' lang='lat' dir='ltr'>me·</span> 
     </span>
     <span class='ocr_line' id='line_1_28' title="bbox 72 3163 1371 3250; baseline 0.005 -28"><span class='ocrx_word' id='word_1_175' title='bbox 72 3163 187 3229; x_wconf 86' lang='lat' dir='ltr'>dicum</span> <span class='ocrx_word' id='word_1_176' title='bbox 210 3182 241 3230; x_wconf 90' lang='lat' dir='ltr'>et</span> <span class='ocrx_word' id='word_1_177' title='bbox 272 3187 367 3228; x_wconf 89' lang='lat' dir='ltr'>suum</span> <span class='ocrx_word' id='word_1_178' title='bbox 400 3166 591 3229; x_wconf 80' lang='lat' dir='ltr'>familiarem</span> <span class='ocrx_word' id='word_1_179' title='bbox 625 3180 670 3229; x_wconf 89' lang='lat' dir='ltr'>est</span> <span class='ocrx_word' id='word_1_180' title='bbox 702 3187 758 3248; x_wconf 89' lang='lat' dir='ltr'>per</span> <span class='ocrx_word' id='word_1_181' title='bbox 789 3166 985 3250; x_wconf 89' lang='lat' dir='ltr'>Philippum,</span> <span class='ocrx_word' id='word_1_182' title='bbox 1019 3167 1210 3229; x_wconf 89' lang='lat' dir='ltr'>Mauricium</span> <span class='ocrx_word' id='word_1_183' title='bbox 1235 3180 1266 3228; x_wconf 94' lang='lat' dir='ltr'>et</span> <span class='ocrx_word' id='word_1_184' title='bbox 1288 3167 1341 3229; x_wconf 92' lang='lat' dir='ltr'>Jo·</span> <span class='ocrx_word' id='word_1_185' title='bbox 1369 3199 1371 3204; x_wconf 41' lang='lat'><strong>¹</strong></span> 
     </span>
     <span class='ocr_line' id='line_1_29' title="bbox 74 3264 1024 3355; baseline 0.004 -24"><span class='ocrx_word' id='word_1_186' title='bbox 74 3264 217 3335; x_wconf 88' lang='lat' dir='ltr'>hannem</span> <span class='ocrx_word' id='word_1_187' title='bbox 242 3273 406 3337; x_wconf 89' lang='lat' dir='ltr'>Chemerii</span> <span class='ocrx_word' id='word_1_188' title='bbox 431 3273 471 3334; x_wconf 89' lang='lat' dir='ltr'>ad</span> <span class='ocrx_word' id='word_1_189' title='bbox 494 3286 567 3335; x_wconf 90' lang='lat' dir='ltr'>octo</span> <span class='ocrx_word' id='word_1_190' title='bbox 591 3273 660 3335; x_wconf 91' lang='lat' dir='ltr'>dies</span> <span class='ocrx_word' id='word_1_191' title='bbox 684 3285 809 3354; x_wconf 90' lang='lat' dir='ltr'>recepta</span> <span class='ocrx_word' id='word_1_192' title='bbox 834 3273 874 3334; x_wconf 90' lang='lat' dir='ltr'>ad</span> <span class='ocrx_word' id='word_1_193' title='bbox 903 3293 1024 3355; x_wconf 87' lang='lat' dir='ltr'>pacem.</span> 
     </span>
    </p>

    <p class='ocr_par' dir='ltr' id='par_1_17' title="bbox 82 3377 1343 3672">
     <span class='ocr_line' id='line_1_30' title="bbox 185 3377 1343 3462; baseline 0.001 -22"><span class='ocrx_word' id='word_1_194' title='bbox 185 3380 260 3441; x_wconf 92' lang='lat' dir='ltr'>ltem</span> <span class='ocrx_word' id='word_1_195' title='bbox 285 3399 380 3441; x_wconf 90' lang='lat' dir='ltr'>causa</span> <span class='ocrx_word' id='word_1_196' title='bbox 404 3377 560 3440; x_wconf 88' lang='lat' dir='ltr'>lobannis</span> <span class='ocrx_word' id='word_1_197' title='bbox 584 3377 639 3440; x_wconf 85' lang='lat' dir='ltr'>filii</span> <span class='ocrx_word' id='word_1_198' title='bbox 655 3379 801 3441; x_wconf 88' lang='lat' dir='ltr'>Domlrus</span> <span class='ocrx_word' id='word_1_199' title='bbox 817 3393 849 3442; x_wconf 92' lang='lat' dir='ltr'>et</span> <span class='ocrx_word' id='word_1_200' title='bbox 873 3380 962 3440; x_wconf 90' lang='lat' dir='ltr'>Pauli</span> <span class='ocrx_word' id='word_1_201' title='bbox 987 3378 1045 3440; x_wconf 88' lang='lat' dir='ltr'>filii</span> <span class='ocrx_word' id='word_1_202' title='bbox 1070 3378 1199 3440; x_wconf 89' lang='lat' dir='ltr'>Malhen</span> <span class='ocrx_word' id='word_1_203' title='bbox 1224 3392 1271 3442; x_wconf 90' lang='lat' dir='ltr'>est</span> <span class='ocrx_word' id='word_1_204' title='bbox 1286 3399 1343 3462; x_wconf 89' lang='lat' dir='ltr'>per</span> 
     </span>
     <span class='ocr_line' id='line_1_31' title="bbox 82 3475 1343 3569; baseline 0.005 -27"><span class='ocrx_word' id='word_1_205' title='bbox 82 3475 222 3547; x_wconf 81' lang='lat' dir='ltr'>Francha</span> <span class='ocrx_word' id='word_1_206' title='bbox 254 3483 452 3547; x_wconf 90' lang='lat' dir='ltr'>aurifabrum</span> <span class='ocrx_word' id='word_1_207' title='bbox 485 3498 516 3546; x_wconf 93' lang='lat' dir='ltr'>et</span> <span class='ocrx_word' id='word_1_208' title='bbox 547 3485 727 3548; x_wconf 74' lang='lat' dir='ltr'>iohannem</span> <span class='ocrx_word' id='word_1_209' title='bbox 760 3485 923 3548; x_wconf 89' lang='lat' dir='ltr'>Chemerii</span> <span class='ocrx_word' id='word_1_210' title='bbox 955 3485 995 3546; x_wconf 91' lang='lat' dir='ltr'>ad</span> <span class='ocrx_word' id='word_1_211' title='bbox 1020 3500 1093 3547; x_wconf 89' lang='lat' dir='ltr'>octo</span> <span class='ocrx_word' id='word_1_212' title='bbox 1118 3485 1186 3547; x_wconf 90' lang='lat' dir='ltr'>dies</span> <span class='ocrx_word' id='word_1_213' title='bbox 1217 3501 1343 3569; x_wconf 89' lang='lat' dir='ltr'>recepta</span> 
     </span>
     <span class='ocr_line' id='line_1_32' title="bbox 88 3585 265 3672; baseline 0.017 -20"><span class='ocrx_word' id='word_1_214' title='bbox 88 3585 129 3646; x_wconf 60' lang='lat' dir='ltr'>&amp;d</span> <span class='ocrx_word' id='word_1_215' title='bbox 150 3611 265 3672; x_wconf 87' lang='lat' dir='ltr'>pacem.</span> 
     </span>
    </p>

    <p class='ocr_par' dir='ltr' id='par_1_18' title="bbox 188 3697 1343 3781">
     <span class='ocr_line' id='line_1_33' title="bbox 188 3697 1343 3781; baseline 0.001 -21"><span class='ocrx_word' id='word_1_216' title='bbox 188 3700 265 3760; x_wconf 90' lang='lat' dir='ltr'>ltem</span> <span class='ocrx_word' id='word_1_217' title='bbox 289 3719 383 3761; x_wconf 90' lang='lat' dir='ltr'>causa</span> <span class='ocrx_word' id='word_1_218' title='bbox 409 3697 542 3780; x_wconf 90' lang='lat' dir='ltr'>Georgii</span> <span class='ocrx_word' id='word_1_219' title='bbox 567 3711 599 3760; x_wconf 92' lang='lat' dir='ltr'>et</span> <span class='ocrx_word' id='word_1_220' title='bbox 624 3697 773 3780; x_wconf 89' lang='lat' dir='ltr'>Gregorii</span> <span class='ocrx_word' id='word_1_221' title='bbox 796 3712 842 3760; x_wconf 87' lang='lat' dir='ltr'>est</span> <span class='ocrx_word' id='word_1_222' title='bbox 857 3718 914 3781; x_wconf 92' lang='lat' dir='ltr'>per</span> <span class='ocrx_word' id='word_1_223' title='bbox 930 3711 1025 3760; x_wconf 89' lang='lat' dir='ltr'>testes</span> <span class='ocrx_word' id='word_1_224' title='bbox 1049 3699 1089 3760; x_wconf 93' lang='lat' dir='ltr'>ad</span> <span class='ocrx_word' id='word_1_225' title='bbox 1113 3711 1186 3759; x_wconf 90' lang='lat' dir='ltr'>octo</span> <span class='ocrx_word' id='word_1_226' title='bbox 1211 3697 1279 3760; x_wconf 90' lang='lat' dir='ltr'>dies</span> <span class='ocrx_word' id='word_1_227' title='bbox 1295 3719 1343 3761; x_wconf 89' lang='lat' dir='ltr'>re·</span> 
     </span>
    </p>

    <p class='ocr_par' dir='ltr' id='par_1_19' title="bbox 99 3805 382 3888">
     <span class='ocr_line' id='line_1_34' title="bbox 99 3805 382 3888; baseline 0.014 -25"><span class='ocrx_word' id='word_1_228' title='bbox 99 3811 174 3881; x_wconf 65' lang='lat' dir='ltr'>cepta</span> <span class='ocrx_word' id='word_1_229' title='bbox 195 3805 234 3867; x_wconf 90' lang='lat' dir='ltr'>ad</span> <span class='ocrx_word' id='word_1_230' title='bbox 258 3824 382 3888; x_wconf 91' lang='lat' dir='ltr'>pacem.</span> 
     </span>
    </p>

    <p class='ocr_par' dir='ltr' id='par_1_20' title="bbox 187 3909 1343 3994">
     <span class='ocr_line' id='line_1_35' title="bbox 187 3909 1343 3994; baseline 0.002 -23"><span class='ocrx_word' id='word_1_231' title='bbox 187 3911 264 3972; x_wconf 89' lang='lat' dir='ltr'>item</span> <span class='ocrx_word' id='word_1_232' title='bbox 288 3930 382 3974; x_wconf 89' lang='lat' dir='ltr'>causa</span> <span class='ocrx_word' id='word_1_233' title='bbox 412 3912 520 3974; x_wconf 89' lang='lat' dir='ltr'>Mathe</span> <span class='ocrx_word' id='word_1_234' title='bbox 545 3911 660 3973; x_wconf 88' lang='lat' dir='ltr'>sutoris</span> <span class='ocrx_word' id='word_1_235' title='bbox 692 3923 723 3973; x_wconf 92' lang='lat' dir='ltr'>et</span> <span class='ocrx_word' id='word_1_236' title='bbox 746 3910 875 3973; x_wconf 88' lang='lat' dir='ltr'>Thome</span> <span class='ocrx_word' id='word_1_237' title='bbox 899 3909 1067 3994; x_wconf 88' lang='lat' dir='ltr'>freniparis</span> <span class='ocrx_word' id='word_1_238' title='bbox 1091 3925 1138 3974; x_wconf 93' lang='lat' dir='ltr'>est</span> <span class='ocrx_word' id='word_1_239' title='bbox 1160 3931 1217 3994; x_wconf 92' lang='lat' dir='ltr'>per</span> <span class='ocrx_word' id='word_1_240' title='bbox 1248 3912 1343 3973; x_wconf 89' lang='lat' dir='ltr'>Ladi-</span> 
     </span>
    </p>

    <p class='ocr_par' dir='ltr' id='par_1_21' title="bbox 106 4005 908 4100">
     <span class='ocr_line' id='line_1_36' title="bbox 106 4005 908 4100; baseline 0.004 -23"><span class='ocrx_word' id='word_1_241' title='bbox 106 4005 184 4077; x_wconf 72' lang='lat' dir='ltr'>⁸laum</span> <span class='ocrx_word' id='word_1_242' title='bbox 206 4018 290 4080; x_wconf 92' lang='lat' dir='ltr'>tular</span> <span class='ocrx_word' id='word_1_243' title='bbox 316 4018 357 4079; x_wconf 94' lang='lat' dir='ltr'>ad</span> <span class='ocrx_word' id='word_1_244' title='bbox 381 4031 454 4080; x_wconf 90' lang='lat' dir='ltr'>octo</span> <span class='ocrx_word' id='word_1_245' title='bbox 479 4018 547 4080; x_wconf 88' lang='lat' dir='ltr'>dies</span> <span class='ocrx_word' id='word_1_246' title='bbox 572 4031 697 4100; x_wconf 88' lang='lat' dir='ltr'>recepta</span> <span class='ocrx_word' id='word_1_247' title='bbox 721 4018 762 4079; x_wconf 94' lang='lat' dir='ltr'>ad</span> <span class='ocrx_word' id='word_1_248' title='bbox 785 4037 908 4100; x_wconf 90' lang='lat' dir='ltr'>pacem.</span> 
     </span>
    </p>

    <p class='ocr_par' dir='ltr' id='par_1_22' title="bbox 188 4123 1343 4202">
     <span class='ocr_line' id='line_1_37' title="bbox 188 4123 1343 4202; baseline 0.003 -20"><span class='ocrx_word' id='word_1_249' title='bbox 188 4123 266 4185; x_wconf 90' lang='lat' dir='ltr'>ltem</span> <span class='ocrx_word' id='word_1_250' title='bbox 284 4144 379 4186; x_wconf 89' lang='lat' dir='ltr'>causa</span> <span class='ocrx_word' id='word_1_251' title='bbox 411 4123 519 4186; x_wconf 89' lang='lat' dir='ltr'>Mathe</span> <span class='ocrx_word' id='word_1_252' title='bbox 544 4124 660 4186; x_wconf 87' lang='lat' dir='ltr'>sutoris</span> <span class='ocrx_word' id='word_1_253' title='bbox 692 4138 802 4186; x_wconf 89' lang='lat' dir='ltr'>contra</span> <span class='ocrx_word' id='word_1_254' title='bbox 827 4124 1028 4186; x_wconf 87' lang='lat' dir='ltr'>Anthonium</span> <span class='ocrx_word' id='word_1_255' title='bbox 1061 4124 1196 4202; x_wconf 82' lang='lat' dir='ltr'>Jursich,</span> <span class='ocrx_word' id='word_1_256' title='bbox 1221 4125 1343 4186; x_wconf 90' lang='lat' dir='ltr'>Lucam</span> 
     </span>
    </p>

    <p class='ocr_par' dir='ltr' id='par_1_23' title="bbox 107 4224 1342 4413">
     <span class='ocr_line' id='line_1_38' title="bbox 108 4224 1342 4313; baseline 0.002 -25"><span class='ocrx_word' id='word_1_257' title='bbox 108 4232 129 4281; x_wconf 84' lang='lat' dir='ltr'>et</span> <span class='ocrx_word' id='word_1_258' title='bbox 146 4224 350 4292; x_wconf 80' lang='lat' dir='ltr'>laurencium</span> <span class='ocrx_word' id='word_1_259' title='bbox 374 4229 515 4311; x_wconf 82' lang='lat' dir='ltr'>juratum</span> <span class='ocrx_word' id='word_1_260' title='bbox 532 4244 578 4291; x_wconf 92' lang='lat' dir='ltr'>est</span> <span class='ocrx_word' id='word_1_261' title='bbox 601 4249 658 4313; x_wconf 89' lang='lat' dir='ltr'>per</span> <span class='ocrx_word' id='word_1_262' title='bbox 676 4230 938 4292; x_wconf 87' lang='lat' dir='ltr'>communitatem</span> <span class='ocrx_word' id='word_1_263' title='bbox 962 4230 1002 4291; x_wconf 91' lang='lat' dir='ltr'>ad</span> <span class='ocrx_word' id='word_1_264' title='bbox 1027 4243 1099 4292; x_wconf 88' lang='lat' dir='ltr'>octo</span> <span class='ocrx_word' id='word_1_265' title='bbox 1124 4229 1192 4291; x_wconf 89' lang='lat' dir='ltr'>dies</span> <span class='ocrx_word' id='word_1_266' title='bbox 1216 4243 1342 4313; x_wconf 89' lang='lat' dir='ltr'>recepta</span> 
     </span>
     <span class='ocr_line' id='line_1_39' title="bbox 107 4326 267 4413; baseline 0.013 -17"><span class='ocrx_word' id='word_1_267' title='bbox 107 4326 135 4387; x_wconf 72' lang='lat' dir='ltr'>ld</span> <span class='ocrx_word' id='word_1_268' title='bbox 153 4351 267 4413; x_wconf 89' lang='lat' dir='ltr'>pacem.</span> 
     </span>
    </p>

    <p class='ocr_par' dir='ltr' id='par_1_24' title="bbox 188 4441 1345 4526">
     <span class='ocr_line' id='line_1_40' title="bbox 188 4441 1345 4526; baseline 0.002 -23"><span class='ocrx_word' id='word_1_269' title='bbox 188 4441 264 4505; x_wconf 87' lang='lat' dir='ltr'>ltem</span> <span class='ocrx_word' id='word_1_270' title='bbox 290 4463 385 4505; x_wconf 88' lang='lat' dir='ltr'>causa</span> <span class='ocrx_word' id='word_1_271' title='bbox 410 4442 559 4525; x_wconf 91' lang='lat' dir='ltr'>Gregorii</span> <span class='ocrx_word' id='word_1_272' title='bbox 583 4443 640 4505; x_wconf 88' lang='lat' dir='ltr'>filii</span> <span class='ocrx_word' id='word_1_273' title='bbox 666 4444 812 4506; x_wconf 89' lang='lat' dir='ltr'>Pundich</span> <span class='ocrx_word' id='word_1_274' title='bbox 844 4457 875 4506; x_wconf 89' lang='lat' dir='ltr'>et</span> <span class='ocrx_word' id='word_1_275' title='bbox 899 4443 1099 4526; x_wconf 89' lang='lat' dir='ltr'>Margarethe</span> <span class='ocrx_word' id='word_1_276' title='bbox 1131 4443 1275 4505; x_wconf 89' lang='lat' dir='ltr'>mulieris</span> <span class='ocrx_word' id='word_1_277' title='bbox 1299 4457 1345 4506; x_wconf 86' lang='lat' dir='ltr'>est</span> 
     </span>
    </p>

    <p class='ocr_par' dir='ltr' id='par_1_25' title="bbox 104 4545 1111 4633">
     <span class='ocr_line' id='line_1_41' title="bbox 104 4545 1111 4633; baseline 0.008 -29"><span class='ocrx_word' id='word_1_278' title='bbox 104 4558 146 4622; x_wconf 85' lang='lat' dir='ltr'>per</span> <span class='ocrx_word' id='word_1_279' title='bbox 166 4545 359 4631; x_wconf 89' lang='lat' dir='ltr'>Gregorium</span> <span class='ocrx_word' id='word_1_280' title='bbox 385 4569 497 4611; x_wconf 87' lang='lat' dir='ltr'>voscar</span> <span class='ocrx_word' id='word_1_281' title='bbox 521 4549 560 4610; x_wconf 91' lang='lat' dir='ltr'>ad</span> <span class='ocrx_word' id='word_1_282' title='bbox 587 4563 660 4612; x_wconf 91' lang='lat' dir='ltr'>octo</span> <span class='ocrx_word' id='word_1_283' title='bbox 685 4550 754 4612; x_wconf 91' lang='lat' dir='ltr'>dies</span> <span class='ocrx_word' id='word_1_284' title='bbox 777 4564 900 4632; x_wconf 90' lang='lat' dir='ltr'>recepta</span> <span class='ocrx_word' id='word_1_285' title='bbox 925 4551 964 4612; x_wconf 92' lang='lat' dir='ltr'>ad</span> <span class='ocrx_word' id='word_1_286' title='bbox 989 4570 1111 4633; x_wconf 87' lang='lat' dir='ltr'>pacem.</span> 
     </span>
    </p>
   </div>
   <div class='ocr_carea' id='block_1_7' title="bbox 1219 4659 1241 4720">
    <p class='ocr_par' dir='ltr' id='par_1_26' title="bbox 1219 4659 1241 4720">
     <span class='ocr_line' id='line_1_42' title="bbox 1219 4659 1241 4720; baseline 0 0"><span class='ocrx_word' id='word_1_287' title='bbox 1219 4659 1241 4720; x_wconf 84' lang='lat'>4</span> 
     </span>
    </p>
   </div>
   <div class='ocr_carea' id='block_1_8' title="bbox 0 0 1706 5362">
    <p class='ocr_par' dir='ltr' id='par_1_27' title="bbox 0 0 1706 5362">
     <span class='ocr_line' id='line_1_43' title="bbox 0 0 1706 5362; baseline 0 0"><span class='ocrx_word' id='word_1_288' title='bbox 0 0 1706 5362; x_wconf 95' lang='lat' dir='ltr'> </span> 
     </span>
    </p>
   </div>
  </div>
 </body>
</html>
