3404 5362
219 370 276 432 132
620 346 820 426 Ann01378.
843 383 888 393 -
911 346 964 410 28.
988 347 1072 410 maii.

1424 457 1486 464 —.

213 561 313 624 licum
337 575 368 623 et
389 560 580 622 Ladizlaum
601 558 704 621 filium
723 559 838 638 Borke‚
862 560 951 640 quod
968 560 1074 642 ipsum
1098 562 1158 623 sub
1174 580 1257 643 pena
1280 562 1388 645 posita
1405 562 1490 623 vitu·

213 680 362 750 perasset.

320 774 398 836 ltem
422 773 576 857 Gyurgek
593 773 769 855 calcaripar
793 773 926 834 domine
942 773 1064 835 Dicaue
1088 773 1121 834 in
1138 772 1312 854 quindenis
1337 772 1488 853 quinque

215 879 285 942 flor.
309 881 378 943 auri
395 879 572 962 persolvet;
596 879 700 941 XXVl
724 877 795 942 flor.
818 878 886 939 auri
915 878 1010 960 plene
1035 878 1189 961 persolvit
1212 876 1330 940 eidem.

319 986 397 1048 ltem
414 985 549 1066 Egidius
565 999 674 1047 contra
692 984 821 1046 Enderk
845 983 885 1045 de
903 983 1144 1047 Chernomerch
1160 984 1266 1067 primo
1283 983 1401 1044 citatus
1419 1002 1487 1045 non

214 1092 403 1174 comparuit.

320 1197 398 1258 ltem
422 1197 487 1258 Res
503 1197 643 1258 Renario
660 1197 693 1258 in
710 1196 883 1277 quindenis
906 1197 935 1257 X
959 1198 1060 1258 nezel(
1076 1197 1162 1258 croci
1179 1210 1210 1259 et
1234 1215 1333 1258 unam
1350 1215 1489 1278 pensam

214 1303 420 1366 denariorum
446 1302 598 1364 exsolvet.

320 1410 397 1471 ltem
423 1410 487 1470 Res
510 1422 624 1470 octavo
649 1408 701 1469 die
732 1421 841 1470 contra
867 1407 1047 1470 Johannem
1071 1407 1201 1491 jurabit.

319 1516 397 1577 Item
423 1515 585 1577 lohannes
608 1527 718 1576 contra
736 1513 917 1575 lohannem
934 1515 1039 1596 primo
1063 1515 1177 1576 citatus
1200 1533 1266 1577 non
1290 1514 1486 1595 comparuit.

320 1620 422 1683 Nota!
455 1620 544 1702 quod
575 1639 655 1682 uxor
687 1618 800 1681 Friche
832 1620 978 1682 atestavit
1009 1620 1099 1701 quod
1130 1620 1264 1702 quidam
1288 1639 1368 1702 puer
1393 1620 1487 1701 longi

214 1726 300 1788 Petri
317 1746 415 1788 unam
433 1726 639 1788 denariorum
662 1725 754 1808 panis
778 1744 835 1807 per
858 1745 959 1787 unum
976 1725 1100 1787 Bardus
1116 1725 1323 1804 vendidisset,
1347 1725 1438 1806 quod
1455 1738 1489 1786 et

214 1831 375 1914 Georgius
392 1846 422 1894 et
446 1831 581 1894 Cosmus
604 1831 697 1913 jurati
722 1829 784 1892 fide
808 1831 936 1893 oculata
959 1832 1004 1893 sic
1027 1829 1095 1893 fieri
1118 1832 1282 1895 vidissent.

320 1938 397 2000 ltem
422 1937 584 2000 lohannes
607 1952 718 1999 contra
746 1936 924 2019 Georgium
949 1958 983 2000 se
1007 1938 1123 1999 tercius
1147 1937 1265 2017 jurabit
1288 1950 1405 2001 octavo
1431 1938 1486 2000 die

213 2064 308 2127 super
332 2043 416 2105 Xllll
442 2044 549 2126 pensis
573 2043 791 2106 denariorum.

320 2151 399 2212 ltem
424 2149 606 2232 Stephanus
638 2150 737 2210 Pazar
769 2163 879 2212 contra
910 2149 988 2210 luan
1018 2168 1053 2210 se
1084 2163 1191 2211 sextus
1222 2149 1341 2231 jurabit
1373 2149 1407 2210 in
1433 2169 1487 2228 eo,

213 2256 302 2337 quod
327 2256 393 2338 ipse
419 2257 458 2318 ab
483 2256 553 2338 ipso
578 2255 702 2317 nullam
724 2255 895 2337 pecuniam
919 2274 985 2316 non
1009 2255 1191 2337 recepisset.

322 2362 401 2423 ltem
430 2361 563 2443 quidam
593 2375 736 2443 pastores
768 2361 912 2442 quinque
944 2374 1054 2422 contra
1083 2360 1250 2423 Vrbanum
1281 2374 1397 2423 octavo
1432 2361 1486 2423 die

217 2468 356 2550 quilibet
380 2469 523 2551 ipsorum
548 2481 614 2530 met
630 2467 746 2529 tercius
770 2466 922 2546 jurabunt
953 2467 985 2527 in
1010 2486 1061 2546 eo,
1085 2467 1173 2548 quod
1198 2467 1257 2549 ipsi
1282 2486 1355 2528 suas
1377 2464 1489 2549 fruges

214 2594 279 2636 non
305 2574 522 2655 depascissent
546 2594 604 2637 nec
628 2575 745 2635 scirent
767 2573 823 2655 qui
847 2573 1022 2656 depascuit.

321 2678 400 2740 ltem
425 2678 573 2762 Mychael
598 2694 707 2741 contra
730 2678 894 2742 Andream
918 2693 1033 2741 octavo
1057 2679 1109 2742 die
1133 2693 1199 2742 met
1222 2681 1340 2743 tercius
1364 2679 1487 2761 jurabit

214 2785 246 2845 in
272 2803 322 2863 eo,
346 2785 434 2866 quod
459 2786 527 2866 ipse
552 2805 650 2846 unam
674 2785 805 2868 joppem
829 2799 860 2846 et
884 2786 949 2848 duo
966 2785 1052 2868 palia
1074 2805 1141 2848 non
1165 2784 1328 2849 furaverit.

320 2891 397 2953 ltem
412 2889 555 2953 Cusman
570 2902 600 2952 et
613 2891 738 2972 Dragos
751 2904 861 2953 contra
875 2890 1027 2974 Matheyk
1038 2905 1152 2953 octavo
1166 2891 1218 2953 die
1230 2893 1487 2975 respondebunt.

320 2999 398 3060 Item
424 2998 621 3060 Laurencius
637 3012 747 3061 contra
771 2997 970 3081 Stephanum
987 2997 1127 3079 juratum
1150 2998 1256 3080 primo
1279 2998 1395 3061 citatus
1418 3019 1487 3061 non

215 3106 406 3189 comparuit.

321 3211 399 3273 ltem
423 3212 498 3292 quia
525 3211 689 3274 Lachkoni
710 3212 770 3273 sub
787 3225 888 3275 castro
907 3211 1012 3272 Kerka
1037 3210 1092 3272 Vll
1116 3210 1186 3272 flor.
1210 3222 1242 3272 et
1266 3210 1484 3293 quadraginta

214 3318 365 3380 denarios
390 3331 579 3400 receperunt
595 3337 652 3400 pro
670 3317 780 3380 debito
798 3317 898 3395 Hans,
923 3317 1085 3396 volumus,
1103 3316 1191 3399 quod
1209 3316 1486 3400 quandocumque

215 3425 254 3486 de
287 3424 408 3486 tenutis
430 3425 494 3485 illis
524 3424 672 3486 homines
703 3424 866 3501 venerint,
897 3443 930 3484 se
955 3424 995 3485 de
1019 3423 1096 3505 ipsis
1127 3422 1314 3486 hominibus
1346 3423 1486 3487 liberam

214 3530 347 3593 habebit
371 3529 576 3612 persolvendi
600 3529 795 3593 facultatem.

311 3746 408 3820 leria
437 3755 537 3819 serta
565 3751 720 3836 proxima
748 3757 825 3837 post
853 3748 975 3820 festum
1004 3749 1219 3820 ascensionis
1248 3748 1384 3820 domini.

754 3898 820 3977 (28.
845 3902 942 3978 mair).

321 4041 430 4102 Primo
442 4039 598 4122 Orgouan
612 4055 724 4102 contra
737 4041 907 4103 Nicolaum
919 4040 1057 4121 juratum
1069 4055 1183 4103 octavo
1197 4039 1249 4101 die
1263 4041 1485 4122 respondebit.

321 4147 400 4209 ltem
414 4147 607 4209 Benedictus
631 4146 772 4209 carnifex
796 4161 906 4209 contra
931 4147 1130 4230 Stephanum
1154 4146 1260 4228 primo
1274 4146 1399 4209 citatus
1417 4167 1485 4210 non

215 4254 404 4336 comparuit.

320 4359 397 4421 Item
417 4373 531 4422 octavo
548 4360 600 4421 die
614 4359 733 4420 Paulus
746 4358 891 4421 locothar
907 4379 963 4442 per
976 4358 1123 4442 Crumpl‚
1141 4360 1206 4422 Res
1220 4374 1250 4423 et
1261 4361 1384 4450 Lucam
1395 4360 1485 4423 selli-

202 4485 329 4548 .parum
342 4478 452 4529 contra
466 4465 615 4527 Markum
633 4465 786 4526 clericum
799 4465 948 4528 atestabit
960 4464 1120 4548 quidquid
1137 4466 1268 4529 vidisset
1284 4466 1367 4555 inter
1385 4467 1483 4549 ipsos.

200 4652 203 4657 θ
322 4572 400 4633 ltem
426 4571 528 4633 Elena
553 4572 662 4633 relicta
687 4572 817 4633 Markus
850 4571 973 4655 Pecych
997 4585 1110 4634 octavo
1143 4573 1194 4633 die
1220 4592 1277 4656 per
1300 4573 1484 4662 Barnabam

215 4677 427 4756 sacerdotem,
452 4678 529 4739 luan
547 4678 729 4760 Hlebopek,
754 4676 939 4739 Chernkam
963 4692 994 4740 et
1011 4678 1229 4741 Sorsinicham
1252 4680 1402 4742 atestabit
1419 4678 1482 4763 que

216 4784 301 4846 bona
324 4784 487 4867 predictus
512 4785 642 4846 Markus
666 4784 805 4867 maritus!
823 4804 899 4846 suus
922 4785 983 4846 sibi
1007 4785 1180 4848 dimisisset
1203 4800 1234 4848 et
1257 4786 1403 4868 legasset.
1461 4828 1463 4833 »
