3404 5362
326 321 405 384 Item
428 321 532 385 Cursa
549 322 788 384 molendinator
804 335 914 384 contra
938 323 1099 385 Vidonem
1116 323 1258 386 secundo
1282 325 1395 387 citatus
1419 345 1485 388 non

219 429 410 511 comparuit.

324 535 403 598 Item
428 533 558 597 Lachko
582 548 692 598 contra
708 534 884 619 parlerium
908 535 1040 598 ecclesie
1064 536 1163 599 sancti
1181 537 1280 598 Marci
1304 537 1409 620 primo
1442 537 1485 599 ci·

215 654 301 704 tatus
332 661 400 703 non
424 642 615 725 comparuit.

323 748 401 810 Item
427 767 523 809 causa
546 748 652 810 Fortis
676 763 707 811 et
732 749 897 812 Benedicti
931 749 1113 812 Mosnarich
1138 763 1185 813 est
1208 770 1265 833 per
1289 750 1429 832 judicem
1454 763 1485 813 et

214 854 338 935 juratos
361 854 402 916 ad
426 852 540 917 feriam
562 854 694 917 terciam
718 874 803 917 nunc
828 856 1000 919 instantem
1023 870 1204 939 prorogata.

295 1088 395 1164 Faria
423 1095 531 1165 tercia
557 1095 713 1183 proxima
742 1100 821 1166 ante
852 1093 976 1166 festum
1003 1092 1260 1185 hasnmpcionis
1289 1096 1403 1167 IIarie.

736 1262 801 1344 (12.
825 1264 968 1347 augmtz).

322 1421 432 1484 Primo
457 1422 639 1505 Stephanus
654 1428 751 1486 frater
774 1423 931 1486 Iohannis
947 1424 1048 1486 Vasos
1072 1436 1183 1485 contra
1207 1424 1374 1486 Vrbanum
1400 1443 1481 1486 mer-

216 1527 381 1589 cenarium
405 1528 538 1590 domine
562 1529 686 1612 Regine
711 1531 815 1607 prImo
840 1530 954 1592 citatus
982 1550 1048 1592 non
1073 1531 1262 1613 comparuit.

323 1651 402 1713 Item
417 1651 563 1715 GenInus
579 1666 689 1715 contra
706 1673 839 1715 uxorem
857 1653 952 1716 Mafie
965 1654 1070 1737 primo
1083 1655 1197 1717 citatus
1210 1674 1274 1716 non
1292 1655 1481 1737 comparuit.

320 1757 400 1820 Item
424 1777 519 1821 causa
544 1759 652 1821 Sibich
677 1773 708 1821 et
729 1760 901 1843 Dragonye
926 1773 973 1823 est
996 1780 1053 1845 per
1068 1774 1163 1823 testes
1186 1760 1227 1822 ad
1251 1773 1325 1822 octo
1349 1761 1417 1822 dies
1432 1782 1508 1823 re··

215 1878 303 1947 repta
328 1864 368 1925 ad
392 1884 515 1948 pacem.

321 1972 401 2034 Item
424 1972 502 2034 Iuan
526 1973 666 2034 condam
688 1992 786 2057 preco
818 1985 926 2035 contra
959 1971 1140 2035 Iohannem
1163 1970 1350 2035 WIchinich
1374 1972 1480 2054 primo

215 2077 329 2141 citatus
352 2098 418 2141 non
444 2080 634 2162 comparuit.

320 2185 400 2247 Item
424 2205 519 2248 causa
552 2186 638 2248 Luce
675 2198 706 2249 et
736 2185 903 2248 cuiusdam
936 2185 1078 2248 hominis
1102 2199 1149 2248 est
1179 2184 1219 2247 ad
1243 2197 1317 2247 octo
1341 2184 1410 2247 dies
1432 2205 1480 2248 re·

215 2305 305 2374 cepta
330 2290 371 2352 ad
395 2310 518 2375 pacem.

320 2398 398 2460 Item
422 2398 575 2480 magister
597 2398 744 2461 Francha
775 2397 936 2461 aurifaber
959 2411 1075 2461 octavo
1100 2397 1151 2459 die
1175 2396 1293 2479 jurabit
1317 2396 1386 2461 sola
1409 2417 1480 2481 per-

212 2525 290 2566 sona
316 2504 402 2566 iuxta
425 2518 654 2566 testamentum
678 2504 810 2567 domine
834 2505 931 2566 Inane
955 2524 1011 2566 sue
1036 2523 1172 2566 noverce
1197 2523 1292 2586 super
1316 2525 1366 2583 eo,
1391 2504 1479 2586 quod

214 2609 360 2672 Thomas
382 2609 468 2672 filius
491 2611 652 2694 Damyani
677 2610 783 2672 eidem
799 2610 897 2673 Inane
921 2631 974 2672 sex
1000 2609 1071 2672 flor.
1094 2623 1125 2671 et
1141 2611 1304 2691 sexaginta
1329 2609 1478 2672 denarios

212 2736 278 2778 non
296 2716 496 2800 persolverit,
514 2718 632 2797 quibus
645 2717 704 2778 sibi
720 2719 901 2795 tenebatur,
917 2731 1013 2799 prout
1026 2717 1058 2777 in
1074 2729 1268 2779 testamento
1285 2717 1477 2779 continetur.

318 2841 396 2903 Item
420 2861 514 2903 cansa
540 2841 693 2924 Stephani
726 2841 781 2904 filii
805 2842 925 2903 Rodini
950 2855 981 2904 et
1006 2840 1159 2924 Gyurgek
1192 2861 1227 2902 ac
1252 2840 1395 2903 Franche
1429 2857 1476 2905 est

212 2967 268 3030 per
290 2946 475 3030 judicesad
499 2947 679 3030 quindenas
703 2947 768 3029 (ad)
791 2947 966 3008 videndum
991 2960 1217 3010 testamentum
1239 2961 1420 3030 prorogata.

317 3054 396 3117 Item
421 3053 551 3137 Mathya
575 3051 736 3116 aurifaber
759 3067 868 3115 contra
886 3054 972 3137 Span
996 3053 1138 3116 secundo
1161 3054 1275 3116 citatus
1298 3074 1364 3116 non
1389 3074 1476 3116 com·

213 3160 328 3243 paruit.
449 3240 456 3252 .

317 3265 397 3329 Item
420 3285 515 3328 causa
538 3266 675 3328 Vidonis
698 3280 729 3329 et
746 3265 899 3350 Stephani
924 3280 971 3330 est
994 3280 1164 3351 prorogata
1188 3285 1206 3328 a
1229 3264 1307 3328 feria
1332 3279 1418 3329 sexta
1435 3267 1475 3330 ad

214 3369 323 3433 feriam
347 3385 480 3435 sextam.

314 3478 394 3541 Item
419 3478 522 3542 Cursa
550 3479 790 3542 molendInator
821 3491 935 3541 octavo
960 3479 1012 3541 die
1046 3479 1192 3543 atestabit
1215 3499 1272 3563 per
1295 3479 1476 3543 Iohannem

213 3585 342 3669 vigilem
366 3600 397 3649 et
410 3585 514 3648 filium
531 3587 650 3670 Loytra
675 3605 837 3668 supereo,
861 3585 950 3668 quod
975 3586 1042 3668 ipse
1058 3585 1201 3647 secundo
1218 3585 1270 3647 die
1294 3585 1365 3648 festi
1383 3588 1474 3649 beate

213 3691 410 3775 Margarethe
446 3692 580 3774 virginis
615 3692 794 3754 Laurencio
834 3692 943 3754 viIIIco
979 3692 1019 3755 de
1050 3692 1135 3773 Vgra
1167 3705 1296 3755 centum
1326 3692 1475 3755 denarios

213 3799 405 3862 exsolvisset.

315 3906 395 3969 Item
419 3926 513 3969 causa
538 3904 695 3968 Iohannis
718 3906 835 3968 Lieber
859 3919 890 3967 et
907 3903 1016 3968 Sibich
1040 3919 1086 3974 est
1109 3926 1165 3989 per
1187 3905 1308 3988 judices
1332 3906 1372 3967 ad
1401 3919 1474 3968 octo

213 4011 276 4075 dies
299 4026 472 4097 prorogata
496 4012 536 4074 ad
559 4032 683 4096 pacem.

313 4118 393 4182 Item
416 4139 512 4181 causa
536 4118 708 4201 Dragozlai
733 4131 764 4181 et
788 4117 917 4181 MartIni
949 4133 996 4181 est
1019 4139 1076 4202 per
1100 4118 1280 4180 Iohannem
1304 4118 1419 4181 Lieber
1443 4130 1474 4180 et

214 4222 388 4306 Georgium
412 4223 518 4288 filium
542 4226 686 4287 Herman
714 4225 754 4286 ad
779 4239 851 4287 octo
876 4225 945 4287 dies
970 4238 1097 4308 recepta
1121 4225 1161 4287 ad
1185 4244 1307 4308 pacem.

315 4349 393 4410 Item
418 4369 512 4411 causa
530 4349 661 4432 Georgii
680 4349 810 4412 sartoris
834 4363 864 4411 et
882 4347 1030 4432 Gregorii
1049 4349 1186 4432 proximi
1203 4349 1347 4410 eiusdem
1364 4362 1473 4410 contra

213 4453 375 4518 dominam
399 4456 556 4538 RegInam
581 4471 626 4518 est
657 4476 713 4539 per
736 4455 858 4536 judices
889 4456 929 4517 ad
953 4456 1132 4537 quindenas
1163 4470 1333 4538 prorogata
1357 4454 1397 4515 ad
1422 4474 1470 4517 re-

212 4561 446 4644 spondendum.
