3404 5362
628 282 714 340 Anno
738 291 824 358 1377.
849 315 890 323 —
953 328 960 343 .

288 520 385 595 lerla
416 523 523 594 tercia
550 521 705 610 proxima
734 527 812 590 ante
839 518 963 590 festum
991 520 1102 589 sancti
1130 516 1293 606 lobannis
1324 521 1402 584 ante

692 652 827 731 portam
854 642 1006 713 latinam.

761 792 805 874 (5.
829 797 921 871 mair).

321 937 429 998 Primo
454 954 548 997 causa
576 932 703 994 Nicolai
735 930 793 994 filii
825 932 950 995 Nicolai
984 947 1015 994 et
1038 930 1167 993 Martini
1201 929 1276 992 dicti
1305 925 1476 1010 Zequirich

214 1057 261 1106 est
283 1041 324 1105 ad
349 1056 422 1104 octo
446 1041 514 1102 dies
538 1051 664 1121 recepta
689 1035 728 1099 ad
753 1058 877 1121 pacem.

322 1149 399 1211 ltem
423 1147 533 1210 relicta
559 1143 713 1227 Stephani
738 1145 851 1207 Bozou
875 1158 984 1207 contra
1009 1144 1211 1207 Anthonium
1237 1142 1338 1204 Reniz
1363 1152 1478 1201 octavo

217 1256 269 1317 die
294 1252 510 1337 respondebit.

321 1360 400 1422 Item
424 1381 519 1423 causa
544 1361 693 1443 Gregorii
718 1371 750 1422 et
773 1356 928 1420 Anthonii
962 1357 1079 1418 sutoris
1104 1369 1149 1417 est
1174 1374 1230 1437 per
1254 1354 1424 1414 Marenum
1449 1362 1480 1411 et

217 1466 416 1548 Stephanum
440 1465 543 1528 filium
568 1467 659 1529 Pauli
684 1467 724 1528 ad
748 1477 822 1527 octo
847 1463 915 1526 dies
938 1477 1065 1545 recepta
1089 1461 1129 1522 ad
1153 1479 1273 1543 pacem.

322 1569 400 1634 Item
423 1592 517 1635 causa
543 1572 629 1655 Span
654 1587 684 1635 et
708 1570 818 1633 Jacobi
843 1568 989 1652 pellificis
1013 1582 1059 1631 est
1082 1587 1139 1650 per
1164 1567 1330 1628 Marenum
1356 1578 1387 1625 et
1411 1563 1480 1626 Ste-

216 1677 359 1761 phanum
383 1676 486 1740 filium
512 1679 602 1741 Pauli
626 1678 666 1740 ad
694 1692 768 1740 octo
793 1676 862 1737 dies
885 1689 1011 1758 recepta
1035 1675 1075 1736 ad
1100 1691 1222 1756 pacem.

323 1783 401 1846 Item
427 1785 589 1846 Johannes
614 1784 691 1866 vigil
716 1796 825 1845 contra
847 1781 1001 1865 Gyurgek
1026 1794 1141 1842 octavo
1165 1779 1217 1840 die
1241 1798 1274 1840 se
1298 1776 1414 1838 tercius
1431 1774 1480 1857 ju·

218 1890 300 1951 rabit
324 1890 356 1951 in
381 1910 430 1968 eo,
455 1890 543 1972 quod
570 1890 629 1973 ipsi
654 1889 792 1971 virgulta
815 1908 899 1950 nova
924 1909 980 1950 sue
1004 1888 1096 1949 vinee
1121 1886 1212 1948 nullo
1237 1883 1323 1945 malo
1347 1882 1480 1963 ingenio

219 2014 284 2056 non
309 1995 504 2077 spoliaverit.

323 2100 400 2163 ltem
433 2102 575 2164 Briccius
614 2115 722 2163 contra
754 2101 942 2183 magistrum
975 2100 1104 2161 Petrum
1134 2098 1240 2180 primo
1272 2096 1385 2158 citatus
1414 2112 1482 2155 non

219 2208 408 2289 comparuit.

324 2313 401 2374 Item
419 2314 504 2376 lwan
528 2314 658 2396 jobagio
684 2314 825 2395 magistri
843 2314 927 2375 Petri
961 2314 1000 2374 de
1026 2312 1117 2376 Cheh
1141 2325 1255 2374 octavo
1280 2309 1330 2370 die
1355 2307 1480 2369 molen·

219 2418 332 2480 dinum
356 2432 493 2482 statuere
518 2421 613 2482 debet
644 2422 675 2481 in
707 2421 779 2482 loco
804 2420 950 2503 pristin0,
974 2439 1032 2502 pro
1064 2438 1129 2500 quo
1153 2415 1291 2478 Wlkech
1316 2428 1347 2476 et
1371 2414 1483 2476 Petrus

220 2521 392 2586 familiares
416 2525 515 2608 ipsius
538 2527 680 2608 magistri
702 2527 786 2588 Petri
811 2525 1058 2609 fidejubuerunt.

236 2689 243 2708 ,
325 2629 403 2691 ltem
428 2630 574 2692 Geninus
590 2653 728 2693 assessor
745 2646 775 2694 et
793 2632 969 2714 Gregorius
993 2652 1087 2714 super
1103 2632 1242 2714 quadam
1259 2643 1341 2692 terra
1366 2627 1479 2690 arabili

220 2754 317 2816 quam
331 2734 492 2798 Cuetkoni
508 2737 593 2797 idem
607 2736 753 2799 Geninus
766 2758 824 2821 pro
837 2758 954 2800 novem
968 2739 1083 2800 marcis
1095 2738 1300 2800 denariorum
1317 2734 1484 2815 obligavit,

221 2840 253 2902 in
276 2841 449 2922 quindenis
469 2840 537 2922 jura
557 2842 703 2922 literalia,
724 2844 830 2925 siqua
848 2843 1028 2922 habuerint,
1051 2844 1230 2927 producent
1246 2861 1353 2905 coram
1378 2839 1485 2903 nobis.

327 2947 406 3009 Item
438 2947 550 3009 Petrus
581 2961 681 3011 sartor
706 2963 737 3011 et
767 2949 942 3032 Gregorius
977 2963 1087 3012 contra
1120 2949 1296 3032 Symonem
1326 2959 1482 3009 sartorem

221 3053 325 3135 primo
349 3052 435 3115 citati
460 3073 525 3114 non
548 3069 807 3137 comparuerunt.

328 3158 406 3220 Item
432 3180 525 3222 causa
550 3160 681 3244 Georgii
707 3162 801 3245 jurati
830 3175 862 3225 et
887 3163 972 3225 ane
1004 3161 1149 3245 pellificis
1181 3174 1228 3223 est
1250 3180 1306 3242 per
1323 3158 1485 3221 lanchech

221 3277 253 3327 et
276 3264 433 3328 Jacobum
457 3265 629 3349 pellificem
652 3269 692 3330 ad
717 3283 790 3331 octo
815 3270 883 3330 dies
907 3282 1032 3352 recepta
1057 3269 1096 3330 ad
1121 3287 1242 3351 pacem.

326 3370 406 3432 ltem
433 3371 594 3436 lohannes
624 3373 786 3437 Chemerii
819 3389 929 3438 contra
961 3374 1139 3457 Georgium
1178 3374 1339 3435 literatum
1375 3372 1483 3455 primo

224 3475 337 3538 citatus
364 3497 429 3541 non
457 3480 646 3561 comparuit.

327 3583 405 3645 ltem
431 3584 537 3646 Loure
561 3598 671 3647 contra
695 3586 871 3650 Bedicham
895 3587 1001 3671 primo
1026 3586 1138 3648 citatus
1162 3605 1227 3646 non
1252 3584 1441 3667 comparuit.

329 3689 408 3751 ltem
432 3709 525 3753 causa
550 3691 674 3753 Miclini
699 3706 730 3755 et
747 3692 880 3775 Georgii
905 3707 936 3755 et
951 3713 1007 3776 per
1028 3693 1209 3754 lohannem
1226 3703 1257 3753 et
1280 3692 1487 3772 Konspergar

221 3793 263 3856 ad
287 3807 361 3857 octo
385 3795 454 3857 dies
477 3810 602 3879 recepta
627 3797 667 3859 ad
691 3818 812 3881 pacem.

327 3899 747 3967 ltemlohannesChemerii
757 3906 1074 3989 contraStephanum
1084 3908 1258 3971 octavodie
1268 3903 1486 3989 respondebit.

326 4006 404 4068 ltem
429 4007 565 4070 Mathias
589 4023 699 4072 contra
722 4011 943 4075 Alexandrum
968 4028 1082 4076 octavo
1107 4014 1159 4076 die
1184 4013 1401 4097 respondebit.

219 4221 318 4298 leria
332 4233 432 4300 sexta
446 4230 600 4318 proxima
618 4237 694 4319 post
713 4238 854 4305 octavas
869 4231 1084 4307 decentioris
1106 4235 1202 4307 lhesu
1222 4233 1345 4306 domini
1365 4235 1488 4305 nostri.

756 4382 820 4464 (15.
843 4384 941 4468 mais).

328 4518 406 4580 ltem
431 4519 517 4602 Span
542 4534 652 4585 contra
677 4523 833 4587 Jacobum
849 4525 1021 4609 pellificem
1045 4538 1160 4589 octavo
1184 4525 1236 4588 die
1260 4523 1407 4587 ateatabit
1422 4544 1481 4607 per

219 4623 422 4687 Anthonium
446 4639 587 4690 sutorem
604 4642 634 4691 et
651 4629 859 4694 Pauerlinum
882 4652 976 4715 super
1001 4651 1051 4712 eo,
1075 4646 1110 4695 ut
1141 4631 1228 4695 idem
1252 4631 1390 4693 lacobus
1421 4631 1483 4694 sibi

220 4748 316 4792 unam
341 4744 556 4795 manstrucam
579 4734 747 4818 vulpinam
771 4748 942 4801 teneretur.
